[{"timeToSleep":0,"data":{"e":"depthUpdate","E":1672242115715,"s":"TORNBUSD","U":113354265,"u":113354265,"b":[["4.25000000","2385.62000000"]],"a":[]}},{"timeToSleep":272,"data":{"lastUpdateId":113354265,"bids":[["4.34000000","2.22000000"],["4.33000000","17.46000000"],["4.32000000","10.46000000"],["4.31000000","55.81000000"],["4.30000000","163.32000000"],["4.29000000","475.45000000"],["4.28000000","1296.31000000"],["4.27000000","680.43000000"],["4.26000000","450.07000000"],["4.25000000","2385.62000000"],["4.24000000","346.06000000"],["4.23000000","827.29000000"],["4.22000000","1230.90000000"],["4.21000000","1476.80000000"],["4.20000000","1254.54000000"],["4.19000000","506.80000000"],["4.18000000","1047.07000000"],["4.17000000","180.30000000"],["4.16000000","297.45000000"],["4.15000000","1042.57000000"],["4.14000000","244.28000000"],["4.13000000","759.89000000"],["4.12000000","2020.84000000"],["4.11000000","397.37000000"],["4.10000000","1259.64000000"],["4.09000000","66.02000000"],["4.08000000","120.42000000"],["4.07000000","319.79000000"],["4.06000000","787.70000000"],["4.05000000","3932.72000000"],["4.04000000","285.68000000"],["4.03000000","549.14000000"],["4.02000000","105.01000000"],["4.01000000","308.36000000"],["4.00000000","26299.03000000"],["3.99000000","948.41000000"],["3.98000000","536.38000000"],["3.97000000","3313.99000000"],["3.96000000","23.34000000"],["3.95000000","1017.59000000"],["3.94000000","69.95000000"],["3.93000000","1339.05000000"],["3.92000000","1567.04000000"],["3.91000000","512.85000000"],["3.90000000","5030.23000000"],["3.89000000","128.56000000"],["3.88000000","553.61000000"],["3.87000000","3236.75000000"],["3.86000000","523.12000000"],["3.85000000","1144.32000000"],["3.84000000","304.61000000"],["3.83000000","1694.49000000"],["3.82000000","994.09000000"],["3.81000000","46.02000000"],["3.80000000","2803.39000000"],["3.79000000","253.67000000"],["3.78000000","338.04000000"],["3.77000000","173.66000000"],["3.76000000","294.79000000"],["3.75000000","270.68000000"],["3.74000000","288.99000000"],["3.73000000","1177.75000000"],["3.72000000","552.84000000"],["3.71000000","328.23000000"],["3.70000000","1442.17000000"],["3.69000000","25.71000000"],["3.68000000","17.04000000"],["3.67000000","104.66000000"],["3.66000000","891.14000000"],["3.65000000","2155.13000000"],["3.64000000","34.46000000"],["3.63000000","95.00000000"],["3.62000000","1902.06000000"],["3.61000000","12.38000000"],["3.60000000","958.21000000"],["3.59000000","23.22000000"],["3.58000000","2081.57000000"],["3.57000000","62.64000000"],["3.56000000","875.01000000"],["3.55000000","1195.88000000"],["3.54000000","30.89000000"],["3.53000000","1114.30000000"],["3.52000000","341.23000000"],["3.51000000","26.85000000"],["3.50000000","3995.12000000"],["3.49000000","22.46000000"],["3.48000000","49.68000000"],["3.47000000","5.81000000"],["3.46000000","13.84000000"],["3.45000000","1107.65000000"],["3.44000000","103.56000000"],["3.43000000","76.56000000"],["3.42000000","192.71000000"],["3.41000000","5043.20000000"],["3.40000000","2560.04000000"],["3.39000000","10.82000000"],["3.38000000","46.99000000"],["3.37000000","308.59000000"],["3.36000000","66.84000000"],["3.35000000","2327.79000000"],["3.34000000","293.77000000"],["3.33000000","3469.06000000"],["3.32000000","13.15000000"],["3.31000000","485.73000000"],["3.30000000","2369.96000000"],["3.29000000","28.05000000"],["3.27000000","22.17000000"],["3.26000000","18.60000000"],["3.25000000","368.19000000"],["3.24000000","26.73000000"],["3.23000000","896.59000000"],["3.22000000","68.41000000"],["3.21000000","28.83000000"],["3.20000000","393.27000000"],["3.19000000","19.16000000"],["3.18000000","9.32000000"],["3.17000000","15.11000000"],["3.16000000","9.84000000"],["3.15000000","629.77000000"],["3.14000000","76.52000000"],["3.13000000","13.91000000"],["3.12000000","20.76000000"],["3.11000000","9.83000000"],["3.10000000","373.95000000"],["3.08000000","38.62000000"],["3.07000000","18.27000000"],["3.06000000","15.40000000"],["3.05000000","35.62000000"],["3.03000000","15.81000000"],["3.02000000","23.07000000"],["3.01000000","10.16000000"],["3.00000000","1684.70000000"],["2.99000000","16.02000000"],["2.97000000","14.20000000"],["2.96000000","19.16000000"],["2.95000000","11.71000000"],["2.94000000","20.20000000"],["2.92000000","3.91000000"],["2.91000000","9.66000000"],["2.90000000","50.85000000"],["2.89000000","3.91000000"],["2.86000000","20.66000000"],["2.85000000","103.49000000"],["2.84000000","3.91000000"],["2.83000000","9.42000000"],["2.82000000","16.99000000"],["2.81000000","3.91000000"],["2.80000000","28.97000000"],["2.78000000","3.91000000"],["2.77000000","28.29000000"],["2.76000000","3.91000000"],["2.75000000","155.46000000"],["2.73000000","21.46000000"],["2.70000000","25.70000000"],["2.68000000","437.78000000"],["2.65000000","33.62000000"],["2.62000000","3.91000000"],["2.60000000","189.25000000"],["2.59000000","10.26000000"],["2.55000000","11.71000000"],["2.51000000","3.99000000"],["2.50000000","9023.23000000"],["2.45000000","11.71000000"],["2.43000000","4.20000000"],["2.40000000","11.71000000"],["2.39000000","9.20000000"],["2.35000000","11.71000000"],["2.30000000","11.71000000"],["2.25000000","56.15000000"],["2.23000000","30.48000000"],["2.21000000","19.88000000"],["2.20000000","11.71000000"],["2.15000000","11.71000000"],["2.12000000","4.72000000"],["2.10000000","11.71000000"],["2.05000000","11.71000000"],["2.00000000","1879.21000000"],["1.98000000","5.06000000"],["1.86000000","304.08000000"],["1.84000000","5.44000000"],["1.77000000","56.52000000"],["1.76000000","5.69000000"],["1.75000000","72.90000000"],["1.60000000","6.25000000"],["1.56000000","26.33000000"],["1.50000000","267.20000000"],["1.33000000","7.54000000"],["1.25000000","8.01000000"],["1.21000000","8.72000000"],["1.20000000","95.04000000"],["1.12000000","8.93000000"],["1.11000000","2702.68000000"],["1.06000000","9433.98000000"],["1.03000000","282.52000000"],["1.01000000","1116.87000000"],["1.00000000","852.20000000"],["0.95000000","10.53000000"],["0.77000000","1677.06000000"],["0.73000000","13.71000000"],["0.72000000","15.88000000"],["0.70000000","14.30000000"]],"asks":[["4.35000000","346.98000000"],["4.36000000","356.16000000"],["4.37000000","657.40000000"],["4.38000000","481.57000000"],["4.39000000","273.07000000"],["4.40000000","132.30000000"],["4.41000000","136.57000000"],["4.42000000","365.68000000"],["4.43000000","637.13000000"],["4.44000000","343.14000000"],["4.45000000","420.40000000"],["4.46000000","255.53000000"],["4.47000000","442.85000000"],["4.48000000","938.94000000"],["4.49000000","580.64000000"],["4.50000000","1320.81000000"],["4.51000000","5062.52000000"],["4.52000000","3478.79000000"],["4.53000000","47.14000000"],["4.54000000","17.38000000"],["4.55000000","172.67000000"],["4.56000000","11.50000000"],["4.57000000","40.31000000"],["4.58000000","257.82000000"],["4.59000000","34.30000000"],["4.60000000","2148.81000000"],["4.61000000","158.66000000"],["4.62000000","216.01000000"],["4.63000000","184.80000000"],["4.64000000","450.86000000"],["4.65000000","93.78000000"],["4.66000000","395.81000000"],["4.67000000","118.20000000"],["4.68000000","123.92000000"],["4.69000000","5420.75000000"],["4.70000000","948.76000000"],["4.71000000","66.38000000"],["4.72000000","42.81000000"],["4.73000000","7160.97000000"],["4.74000000","113.99000000"],["4.75000000","1898.34000000"],["4.76000000","90.50000000"],["4.77000000","47.69000000"],["4.78000000","178.76000000"],["4.79000000","5104.38000000"],["4.80000000","187.85000000"],["4.81000000","58.27000000"],["4.82000000","26.49000000"],["4.83000000","216.89000000"],["4.84000000","1559.32000000"],["4.85000000","2635.23000000"],["4.86000000","1205.92000000"],["4.87000000","28.78000000"],["4.88000000","2856.13000000"],["4.89000000","1219.15000000"],["4.90000000","4574.34000000"],["4.91000000","47.24000000"],["4.92000000","54.69000000"],["4.93000000","159.93000000"],["4.94000000","169.20000000"],["4.95000000","9881.37000000"],["4.96000000","47.25000000"],["4.97000000","21.32000000"],["4.98000000","705.11000000"],["4.99000000","7637.17000000"],["5.00000000","5693.39000000"],["5.01000000","6.20000000"],["5.02000000","27.16000000"],["5.03000000","35.48000000"],["5.04000000","36.36000000"],["5.05000000","63.55000000"],["5.06000000","29.83000000"],["5.07000000","1164.14000000"],["5.08000000","13.74000000"],["5.09000000","27.55000000"],["5.10000000","2030.91000000"],["5.11000000","38.61000000"],["5.12000000","33.93000000"],["5.13000000","173.70000000"],["5.14000000","4.98000000"],["5.15000000","60.86000000"],["5.16000000","132.81000000"],["5.17000000","21.20000000"],["5.18000000","302.22000000"],["5.19000000","20.99000000"],["5.20000000","1113.92000000"],["5.21000000","4.20000000"],["5.22000000","41.98000000"],["5.23000000","61.73000000"],["5.24000000","16.31000000"],["5.25000000","228.03000000"],["5.26000000","9.75000000"],["5.27000000","47.06000000"],["5.28000000","86.83000000"],["5.29000000","853.22000000"],["5.30000000","411.05000000"],["5.32000000","311.89000000"],["5.33000000","8.86000000"],["5.34000000","70.55000000"],["5.35000000","248.03000000"],["5.36000000","144.84000000"],["5.37000000","72.50000000"],["5.38000000","11.20000000"],["5.39000000","26.73000000"],["5.40000000","2957.69000000"],["5.41000000","23.15000000"],["5.42000000","8.35000000"],["5.43000000","71.54000000"],["5.44000000","10094.19000000"],["5.45000000","475.91000000"],["5.46000000","109.29000000"],["5.47000000","436.08000000"],["5.48000000","155.63000000"],["5.49000000","41.44000000"],["5.50000000","7733.96000000"],["5.51000000","36.57000000"],["5.52000000","28.35000000"],["5.53000000","424.85000000"],["5.54000000","7.39000000"],["5.55000000","294.72000000"],["5.56000000","13.96000000"],["5.57000000","5222.01000000"],["5.58000000","30.10000000"],["5.59000000","9.08000000"],["5.60000000","1642.21000000"],["5.61000000","11.73000000"],["5.62000000","17.41000000"],["5.63000000","51.74000000"],["5.64000000","44.53000000"],["5.65000000","95.76000000"],["5.66000000","12.93000000"],["5.67000000","23.45000000"],["5.68000000","2.56000000"],["5.69000000","373.85000000"],["5.70000000","4349.57000000"],["5.71000000","354.18000000"],["5.72000000","32.16000000"],["5.73000000","6.32000000"],["5.74000000","46.94000000"],["5.75000000","38.80000000"],["5.76000000","391.20000000"],["5.77000000","43.37000000"],["5.78000000","13.39000000"],["5.79000000","24.69000000"],["5.80000000","1470.05000000"],["5.81000000","17.41000000"],["5.82000000","307.56000000"],["5.83000000","19.90000000"],["5.84000000","894.33000000"],["5.85000000","25.18000000"],["5.86000000","53.68000000"],["5.87000000","114.24000000"],["5.88000000","287.21000000"],["5.89000000","226.54000000"],["5.90000000","348.60000000"],["5.91000000","1172.54000000"],["5.93000000","29.46000000"],["5.94000000","52.54000000"],["5.95000000","612.76000000"],["5.96000000","682.56000000"],["5.97000000","32.84000000"],["5.98000000","573.31000000"],["5.99000000","1527.18000000"],["6.00000000","8409.02000000"],["6.01000000","17.47000000"],["6.02000000","17.41000000"],["6.03000000","10.56000000"],["6.04000000","17.41000000"],["6.05000000","48.73000000"],["6.06000000","5.00000000"],["6.07000000","17.41000000"],["6.09000000","22.82000000"],["6.10000000","63.14000000"],["6.11000000","17.41000000"],["6.12000000","61.39000000"],["6.13000000","705.74000000"],["6.14000000","19.06000000"],["6.15000000","148.91000000"],["6.16000000","234.70000000"],["6.17000000","48.73000000"],["6.18000000","19.06000000"],["6.19000000","2.92000000"],["6.20000000","1488.79000000"],["6.21000000","22.82000000"],["6.22000000","24.38000000"],["6.23000000","97.36000000"],["6.24000000","21.87000000"],["6.25000000","91.22000000"],["6.26000000","1.65000000"],["6.27000000","5.41000000"],["6.28000000","27.85000000"],["6.29000000","14.23000000"],["6.30000000","1743.42000000"],["6.31000000","3.11000000"],["6.32000000","25.32000000"],["6.33000000","35.41000000"],["6.34000000","1.65000000"],["6.35000000","243.51000000"],["6.36000000","50.00000000"],["6.37000000","17.41000000"],["6.38000000","1.65000000"],["6.39000000","340.45000000"],["6.40000000","1278.90000000"],["6.42000000","37.70000000"],["6.44000000","10017.41000000"],["6.45000000","596.75000000"],["6.46000000","262.58000000"],["6.47000000","22.07000000"],["6.48000000","12.17000000"],["6.49000000","231.72000000"],["6.50000000","3320.41000000"],["6.51000000","22.82000000"],["6.52000000","11.50000000"],["6.53000000","17.41000000"],["6.54000000","23.52000000"],["6.55000000","107.97000000"],["6.56000000","18.94000000"],["6.57000000","7.87000000"],["6.58000000","35.66000000"],["6.59000000","5.00000000"],["6.60000000","742.78000000"],["6.62000000","90.30000000"],["6.63000000","102.54000000"],["6.65000000","22.41000000"],["6.66000000","1790.81000000"],["6.67000000","17.41000000"],["6.69000000","86.10000000"],["6.70000000","1417.85000000"],["6.71000000","14.90000000"],["6.72000000","152.08000000"],["6.73000000","4.62000000"],["6.75000000","63.58000000"],["6.76000000","77.29000000"],["6.77000000","1.49000000"],["6.78000000","52.64000000"],["6.79000000","24.69000000"],["6.80000000","1139.83000000"],["6.81000000","5.41000000"],["6.83000000","1.62000000"],["6.84000000","572.52000000"],["6.85000000","265.94000000"],["6.86000000","17.49000000"],["6.87000000","88.62000000"],["6.88000000","228.00000000"],["6.89000000","38.56000000"],["6.90000000","546.67000000"],["6.91000000","63.83000000"],["6.92000000","7.97000000"],["6.93000000","5.41000000"],["6.95000000","64.42000000"],["6.96000000","8.47000000"],["6.97000000","2.37000000"],["6.98000000","83.05000000"],["6.99000000","278.88000000"],["7.00000000","5378.10000000"],["7.03000000","9.93000000"],["7.05000000","9.94000000"],["7.06000000","5.41000000"],["7.07000000","12.15000000"],["7.08000000","1.74000000"],["7.09000000","220.95000000"],["7.10000000","1378.19000000"],["7.11000000","217.94000000"],["7.12000000","5.41000000"],["7.15000000","46.13000000"],["7.18000000","5.41000000"],["7.20000000","2272.32000000"],["7.22000000","5.64000000"],["7.23000000","138.14000000"],["7.24000000","5.41000000"],["7.25000000","203.00000000"],["7.26000000","180.25000000"],["7.30000000","695.39000000"],["7.31000000","70.00000000"],["7.33000000","326.16000000"],["7.34000000","94.14000000"],["7.35000000","381.40000000"],["7.36000000","5.41000000"],["7.37000000","1.36000000"],["7.39000000","2010.12000000"],["7.40000000","502.61000000"],["7.41000000","6.71000000"],["7.42000000","5.41000000"],["7.44000000","110.02000000"],["7.45000000","221.41000000"],["7.46000000","3.00000000"],["7.47000000","62.58000000"],["7.48000000","7.41000000"],["7.49000000","645.22000000"],["7.50000000","4738.59000000"],["7.51000000","120.87000000"],["7.52000000","1.81000000"],["7.54000000","5.41000000"],["7.55000000","351.19000000"],["7.56000000","14.79000000"],["7.57000000","91.84000000"],["7.58000000","3.77000000"],["7.60000000","153.23000000"],["7.66000000","372.81000000"],["7.67000000","2609.86000000"],["7.69000000","2.60000000"],["7.70000000","110.38000000"],["7.72000000","5.41000000"],["7.75000000","10.00000000"],["7.76000000","10000.00000000"],["7.77000000","33.34000000"],["7.78000000","131.41000000"],["7.79000000","5.69000000"],["7.80000000","621.15000000"],["7.82000000","1.92000000"],["7.84000000","5.41000000"],["7.87000000","17.88000000"],["7.88000000","15.00000000"],["7.89000000","1830.74000000"],["7.90000000","464.64000000"],["7.91000000","28.00000000"],["7.93000000","7.29000000"],["7.94000000","253.97000000"],["7.95000000","44.11000000"],["7.96000000","5.41000000"],["7.97000000","837.53000000"],["7.98000000","3.82000000"],["7.99000000","243.98000000"],["8.00000000","7215.28000000"],["8.03000000","5.41000000"],["8.04000000","96.48000000"],["8.06000000","2.20000000"],["8.09000000","5.41000000"],["8.10000000","256.94000000"],["8.12000000","3.84000000"],["8.15000000","6.65000000"],["8.16000000","509.96000000"],["8.17000000","1651.74000000"],["8.18000000","62.25000000"],["8.19000000","11.57000000"],["8.20000000","195.68000000"],["8.21000000","41.63000000"],["8.22000000","38.63000000"],["8.24000000","504.30000000"],["8.25000000","199.20000000"],["8.27000000","107.85000000"],["8.30000000","350.98000000"],["8.32000000","4.80000000"],["8.33000000","13.38000000"],["8.35000000","41.91000000"],["8.37000000","6.00000000"],["8.38000000","78.00000000"],["8.39000000","1075.91000000"],["8.40000000","3095.15000000"],["8.41000000","10.50000000"],["8.42000000","15.68000000"],["8.43000000","5.79000000"],["8.44000000","20.00000000"],["8.45000000","11.74000000"],["8.46000000","118.92000000"],["8.47000000","13.49000000"],["8.48000000","40.06000000"],["8.49000000","82.85000000"],["8.50000000","1725.80000000"],["8.51000000","7.19000000"],["8.54000000","1.77000000"],["8.55000000","10169.93000000"],["8.57000000","5.41000000"],["8.58000000","7.42000000"],["8.60000000","1.18000000"],["8.63000000","5.41000000"],["8.65000000","11.57000000"],["8.69000000","5.41000000"],["8.70000000","11.49000000"],["8.75000000","34.51000000"],["8.78000000","38.00000000"],["8.79000000","4.00000000"],["8.80000000","2181.72000000"],["8.81000000","5.41000000"],["8.84000000","1.43000000"],["8.87000000","5.41000000"],["8.88000000","111.71000000"],["8.89000000","315.34000000"],["8.90000000","178.85000000"],["8.91000000","2.25000000"],["8.93000000","5.41000000"],["8.94000000","657.78000000"],["8.95000000","16.94000000"],["8.97000000","2.00000000"],["8.98000000","3.34000000"],["8.99000000","279.44000000"],["9.00000000","9330.78000000"],["9.04000000","1.11000000"],["9.05000000","1.11000000"],["9.07000000","60.00000000"],["9.10000000","2770.13000000"],["9.11000000","107.78000000"],["9.14000000","13.89000000"],["9.18000000","9.30000000"],["9.20000000","107.71000000"],["9.25000000","160.49000000"],["9.26000000","54.22000000"],["9.28000000","3.14000000"],["9.30000000","2761.26000000"],["9.32000000","359.20000000"],["9.37000000","10.96000000"],["9.39000000","6.00000000"],["9.40000000","185.04000000"],["9.41000000","30.00000000"],["9.44000000","200.00000000"],["9.45000000","2335.73000000"],["9.46000000","2.92000000"],["9.47000000","4.57000000"],["9.48000000","256.76000000"],["9.50000000","87.92000000"],["9.51000000","27.57000000"],["9.52000000","6.28000000"],["9.53000000","47.23000000"],["9.54000000","5.14000000"],["9.60000000","115.35000000"],["9.64000000","17.33000000"],["9.66000000","299.89000000"],["9.68000000","290.89000000"],["9.70000000","41.46000000"],["9.71000000","245.81000000"],["9.73000000","6.92000000"],["9.75000000","17.02000000"],["9.76000000","5.12000000"],["9.78000000","10000.00000000"],["9.79000000","7.03000000"],["9.80000000","746.84000000"],["9.82000000","7.25000000"],["9.87000000","65.52000000"],["9.88000000","127.62000000"],["9.89000000","31.44000000"],["9.90000000","773.57000000"],["9.97000000","199.46000000"],["9.98000000","283.86000000"],["9.99000000","346.55000000"],["10.00000000","5628.28000000"],["10.01000000","10.55000000"],["10.05000000","113.90000000"],["10.06000000","209.95000000"],["10.07000000","1.56000000"],["10.10000000","45.40000000"],["10.11000000","1.33000000"],["10.16000000","2.95000000"],["10.19000000","19.10000000"],["10.21000000","3.65000000"],["10.23000000","6.00000000"],["10.26000000","4.60000000"],["10.27000000","3.95000000"],["10.30000000","1.31000000"],["10.34000000","1748.04000000"],["10.39000000","1803.00000000"],["10.42000000","9.10000000"],["10.43000000","7.03000000"],["10.44000000","10000.00000000"],["10.45000000","41.58000000"],["10.46000000","53.20000000"],["10.47000000","1.55000000"],["10.50000000","735.18000000"],["10.52000000","2.76000000"],["10.53000000","45.22000000"],["10.54000000","2.64000000"],["10.55000000","17.10000000"],["10.58000000","2.00000000"],["10.60000000","1.14000000"],["10.63000000","2.45000000"],["10.65000000","2.00000000"],["10.67000000","2.13000000"],["10.68000000","6.90000000"],["10.70000000","1.70000000"],["10.74000000","1.05000000"],["10.75000000","18.96000000"],["10.79000000","38.66000000"],["10.80000000","177.13000000"],["10.83000000","9.74000000"],["10.85000000","73.90000000"],["10.86000000","1.00000000"],["10.87000000","297.89000000"],["10.88000000","383.60000000"],["10.90000000","54.04000000"],["10.91000000","249.64000000"],["10.94000000","1803.86000000"],["10.96000000","400.00000000"],["10.98000000","200.17000000"],["10.99000000","151.28000000"],["11.00000000","5897.62000000"],["11.04000000","186.53000000"],["11.05000000","1.02000000"],["11.10000000","238.88000000"],["11.11000000","14.35000000"],["11.12000000","2.80000000"],["11.14000000","2.71000000"],["11.17000000","1.00000000"],["11.20000000","67.46000000"],["11.25000000","49.02000000"],["11.30000000","4.42000000"],["11.35000000","1.15000000"],["11.38000000","8.79000000"],["11.40000000","25.56000000"],["11.42000000","1803.85000000"],["11.43000000","263.52000000"],["11.45000000","793.90000000"],["11.48000000","2.32000000"],["11.49000000","2.00000000"],["11.50000000","696.85000000"],["11.55000000","6724.82000000"],["11.58000000","2.06000000"],["11.60000000","53.62000000"],["11.63000000","1134.47000000"],["11.65000000","1302.86000000"],["11.66000000","6.63000000"],["11.70000000","452.20000000"],["11.75000000","775.54000000"],["11.79000000","1.44000000"],["11.80000000","496.19000000"],["11.83000000","818.82000000"],["11.88000000","115.33000000"],["11.89000000","1.01000000"],["11.90000000","3.68000000"],["11.91000000","70.00000000"],["11.93000000","877.17000000"],["11.96000000","21.53000000"],["11.97000000","30.00000000"],["11.98000000","1.40000000"],["11.99000000","642.19000000"],["12.00000000","10648.43000000"],["12.01000000","2.95000000"],["12.04000000","1274.39000000"],["12.06000000","3.94000000"],["12.10000000","982.66000000"],["12.14000000","1.02000000"],["12.17000000","78.13000000"],["12.20000000","215.25000000"],["12.21000000","844.77000000"],["12.25000000","6.18000000"],["12.26000000","98.76000000"],["12.27000000","2733.72000000"],["12.28000000","74.81000000"],["12.30000000","625.29000000"],["12.34000000","879.96000000"],["12.35000000","0.85000000"],["12.39000000","16.49000000"],["12.40000000","19.60000000"],["12.42000000","4.55000000"],["12.44000000","880.39000000"],["12.45000000","40.23000000"],["12.46000000","6.99000000"],["12.50000000","440.98000000"],["12.54000000","701.43000000"],["12.60000000","1149.39000000"],["12.65000000","723.12000000"],["12.70000000","3.21000000"],["12.71000000","0.85000000"],["12.72000000","2.85000000"],["12.75000000","745.49000000"],["12.80000000","206.22000000"],["12.83000000","67.07000000"],["12.85000000","1.00000000"],["12.87000000","1.00000000"],["12.90000000","259.72000000"],["12.92000000","52.20000000"],["12.97000000","5.00000000"],["12.98000000","34.00000000"],["12.99000000","20.00000000"],["13.00000000","4179.03000000"],["13.01000000","0.80000000"],["13.08000000","0.85000000"],["13.10000000","2.38000000"],["13.11000000","4.19000000"],["13.12000000","13.41000000"],["13.13000000","16.31000000"],["13.20000000","70.69000000"],["13.25000000","2.27000000"],["13.30000000","31.63000000"],["13.31000000","0.92000000"],["13.36000000","10.94000000"],["13.40000000","835.20000000"],["13.41000000","2.92000000"],["13.42000000","3.31000000"],["13.45000000","1.00000000"],["13.47000000","1.85000000"],["13.49000000","3.87000000"],["13.50000000","437.70000000"],["13.57000000","1.00000000"],["13.60000000","16.07000000"],["13.64000000","0.89000000"],["13.65000000","6.00000000"],["13.70000000","3220.18000000"],["13.73000000","1.29000000"],["13.74000000","0.89000000"],["13.80000000","46.05000000"],["13.82000000","71.87000000"],["13.83000000","75.96000000"],["13.86000000","0.85000000"],["13.88000000","2.21000000"],["13.89000000","40.01000000"],["13.90000000","3346.65000000"],["13.92000000","8.19000000"],["13.95000000","729.19000000"],["13.99000000","31.91000000"],["14.00000000","741.47000000"],["14.03000000","27.36000000"],["14.04000000","38.82000000"],["14.06000000","981.02000000"],["14.10000000","10.01000000"],["14.20000000","826.79000000"],["14.24000000","298.21000000"],["14.25000000","104.87000000"],["14.27000000","0.85000000"],["14.29000000","6.13000000"],["14.38000000","367.81000000"],["14.40000000","1.73000000"],["14.44000000","2606.01000000"],["14.45000000","6.44000000"],["14.46000000","72.84000000"],["14.47000000","177.48000000"],["14.50000000","5889.80000000"],["14.52000000","3.51000000"],["14.54000000","275.73000000"],["14.55000000","6.50000000"],["14.59000000","1.00000000"],["14.60000000","4.69000000"],["14.63000000","37.85000000"],["14.65000000","1.00000000"],["14.69000000","0.85000000"],["14.70000000","3.30000000"],["14.74000000","32.64000000"],["14.75000000","2.17000000"],["14.77000000","1687.10000000"],["14.80000000","3.02000000"],["14.81000000","27.71000000"],["14.86000000","26.98000000"],["14.87000000","2.00000000"],["14.88000000","1.99000000"],["14.89000000","22.32000000"],["14.90000000","63.21000000"],["14.93000000","157.49000000"],["14.95000000","15.77000000"],["14.98000000","10.00000000"],["14.99000000","1.60000000"],["15.00000000","6647.58000000"],["15.01000000","60.08000000"],["15.02000000","6.39000000"],["15.10000000","326.22000000"],["15.12000000","0.85000000"],["15.19000000","74.51000000"],["15.20000000","49.35000000"],["15.22000000","1.74000000"],["15.25000000","10.00000000"],["15.28000000","3.15000000"],["15.30000000","6.89000000"],["15.32000000","1.77000000"],["15.35000000","2.15000000"],["15.37000000","0.91000000"],["15.40000000","16.80000000"],["15.45000000","1.00000000"],["15.47000000","314.25000000"],["15.49000000","8.74000000"],["15.50000000","566.93000000"],["15.52000000","41.47000000"],["15.55000000","43.55000000"],["15.56000000","6.66000000"],["15.57000000","3.73000000"],["15.59000000","50.13000000"],["15.60000000","145.36000000"],["15.62000000","30.24000000"],["15.66000000","7.40000000"],["15.68000000","1.34000000"],["15.70000000","6.36000000"],["15.73000000","6.43000000"],["15.75000000","5.26000000"],["15.80000000","87.23000000"],["15.88000000","3.55000000"],["15.90000000","69.10000000"],["15.95000000","1.00000000"],["15.98000000","0.81000000"],["15.99000000","130.78000000"],["16.00000000","19713.74000000"],["16.02000000","3.70000000"],["16.03000000","0.85000000"],["16.06000000","1.13000000"],["16.10000000","857.86000000"],["16.11000000","855.97000000"],["16.12000000","854.27000000"],["16.13000000","853.08000000"],["16.16000000","178.68000000"],["16.20000000","1.93000000"],["16.31000000","1.17000000"],["16.33000000","105.03000000"],["16.35000000","2.13000000"],["16.36000000","1.66000000"],["16.40000000","62.69000000"],["16.41000000","2.94000000"],["16.44000000","200.00000000"],["16.45000000","1.00000000"],["16.49000000","2.92000000"],["16.50000000","1235.97000000"],["16.60000000","264.00000000"],["16.66000000","314.76000000"],["16.69000000","5.87000000"],["16.70000000","287.46000000"],["16.74000000","50.11000000"],["16.75000000","48.94000000"],["16.77000000","0.71000000"],["16.78000000","0.63000000"],["16.80000000","480.88000000"],["16.81000000","158.00000000"],["16.82000000","136.00000000"],["16.83000000","119.61000000"],["16.84000000","20.00000000"],["16.85000000","29.00000000"],["16.86000000","96.00000000"],["16.87000000","88.36000000"],["16.88000000","5.68000000"],["16.89000000","40.81000000"],["16.90000000","1.37000000"],["16.91000000","99.00000000"],["16.92000000","95.00000000"],["16.93000000","47.00000000"],["16.94000000","110.00000000"],["16.95000000","141.00000000"],["16.96000000","91.00000000"],["16.97000000","34.00000000"],["16.98000000","69.46000000"],["16.99000000","102.00000000"],["17.00000000","6531.99000000"],["17.04000000","45.91000000"],["17.06000000","3.08000000"],["17.07000000","9.11000000"],["17.09000000","1.22000000"],["17.10000000","52.04000000"],["17.12000000","108.00000000"],["17.13000000","122.00000000"],["17.14000000","99.00000000"],["17.15000000","68.00000000"],["17.16000000","55.00000000"],["17.17000000","68.00000000"],["17.18000000","87.06000000"],["17.19000000","96.63000000"],["17.20000000","114.26000000"],["17.21000000","117.00000000"],["17.22000000","165.00000000"],["17.23000000","109.00000000"],["17.24000000","86.00000000"],["17.25000000","57.00000000"],["17.27000000","65.36000000"],["17.30000000","403.20000000"],["17.34000000","10.00000000"],["17.36000000","30.61000000"],["17.40000000","6.60000000"],["17.41000000","1.00000000"],["17.44000000","5.00000000"],["17.45000000","892.88000000"],["17.48000000","0.85000000"],["17.50000000","1049.46000000"],["17.55000000","501.09000000"],["17.59000000","2.55000000"],["17.60000000","11.05000000"],["17.65000000","8.00000000"],["17.66000000","2.31000000"],["17.68000000","132.00000000"],["17.69000000","125.83000000"],["17.70000000","108.63000000"],["17.71000000","145.00000000"],["17.72000000","88.00000000"],["17.73000000","77.00000000"],["17.74000000","99.00000000"],["17.75000000","86.00000000"],["17.76000000","102.00000000"],["17.77000000","415.68000000"],["17.78000000","55.00000000"],["17.79000000","158.84000000"],["17.80000000","178.32000000"],["17.81000000","109.00000000"],["17.82000000","98.00000000"],["17.83000000","105.16000000"],["17.84000000","91.45000000"],["17.85000000","76.79000000"],["17.86000000","178.00000000"],["17.87000000","244.35000000"],["17.88000000","304.00000000"],["17.89000000","255.00000000"],["17.90000000","302.48000000"],["17.91000000","178.00000000"],["17.92000000","201.00000000"],["17.93000000","151.00000000"],["17.95000000","47.00000000"],["17.96000000","44.00000000"],["17.97000000","31.90000000"],["17.98000000","2.18000000"],["17.99000000","37.98000000"],["18.00000000","9345.82000000"],["18.02000000","2.24000000"],["18.03000000","4.27000000"],["18.05000000","11.21000000"],["18.09000000","122.67000000"],["18.10000000","72.19000000"],["18.20000000","590.63000000"],["18.22000000","35.16000000"],["18.25000000","8.59000000"],["18.28000000","0.68000000"],["18.30000000","60.74000000"],["18.37000000","4.12000000"],["18.38000000","15.99000000"],["18.40000000","1516.44000000"],["18.41000000","60.95000000"],["18.42000000","3.06000000"],["18.44000000","1219.61000000"],["18.45000000","1.00000000"],["18.50000000","1758.04000000"],["18.55000000","20.00000000"],["18.57000000","0.94000000"],["18.60000000","191.21000000"],["18.65000000","1.00000000"],["18.66000000","319.92000000"],["18.70000000","7.05000000"],["18.72000000","80.15000000"],["18.73000000","3367.66000000"],["18.75000000","48.96000000"],["18.77000000","1.00000000"],["18.78000000","5.65000000"],["18.79000000","5.09000000"],["18.80000000","0.62000000"],["18.81000000","4.59000000"],["18.82000000","250.47000000"],["18.85000000","1.00000000"],["18.87000000","164.87000000"],["18.88000000","51.84000000"],["18.90000000","131.56000000"],["18.91000000","5.10000000"],["18.93000000","1105.00000000"],["18.94000000","2.21000000"],["18.95000000","1.00000000"],["18.96000000","0.78000000"],["18.97000000","1055.82000000"],["18.98000000","8.11000000"],["18.99000000","507.89000000"],["19.00000000","11998.54000000"],["19.01000000","10.94000000"],["19.07000000","13.53000000"],["19.10000000","51.80000000"],["19.16000000","9.20000000"],["19.17000000","37.45000000"],["19.19000000","0.65000000"],["19.20000000","331.21000000"],["19.24000000","17.50000000"],["19.25000000","2.30000000"],["19.26000000","270.03000000"],["19.27000000","5821.23000000"],["19.29000000","0.53000000"],["19.30000000","344.69000000"],["19.31000000","1.05000000"],["19.32000000","41.68000000"],["19.33000000","46.84000000"],["19.34000000","0.74000000"],["19.35000000","5193.68000000"],["19.38000000","141.42000000"],["19.40000000","5.05000000"],["19.41000000","98.06000000"],["19.50000000","1620.36000000"],["19.52000000","1.80000000"],["19.56000000","12.64000000"],["19.60000000","660.22000000"],["19.63000000","0.64000000"],["19.65000000","38.93000000"],["19.67000000","3.61000000"],["19.70000000","573.28000000"],["19.71000000","18.96000000"],["19.80000000","1024.45000000"],["19.81000000","5.00000000"],["19.85000000","4.14000000"],["19.86000000","201.43000000"],["19.90000000","1135.38000000"],["19.92000000","150.60000000"],["19.96000000","100.00000000"],["19.97000000","674.88000000"],["19.98000000","0.64000000"],["19.99000000","971.45000000"],["20.00000000","29049.10000000"],["20.04000000","212.14000000"],["20.09000000","2.78000000"],["20.12000000","755.23000000"],["20.15000000","0.62000000"],["20.16000000","581.55000000"],["20.20000000","111.83000000"],["20.22000000","155.77000000"],["20.23000000","1.00000000"],["20.26000000","3.40000000"],["20.27000000","2.31000000"],["20.28000000","14.80000000"],["20.30000000","532.19000000"],["20.31000000","50.68000000"],["20.36000000","24.13000000"],["20.40000000","207.88000000"],["20.41000000","382.28000000"],["20.43000000","125.00000000"],["20.44000000","40.78000000"],["20.45000000","2.54000000"],["20.46000000","425.00000000"],["20.50000000","200.98000000"],["20.53000000","4.61000000"],["20.55000000","774.14000000"],["20.60000000","24.53000000"],["20.62000000","13.99000000"],["20.63000000","44.99000000"],["20.68000000","1590.60000000"],["20.70000000","222.60000000"],["20.72000000","3.12000000"],["20.75000000","6.27000000"],["20.80000000","61.92000000"],["20.82000000","7.80000000"],["20.90000000","92.91000000"],["20.98000000","29.07000000"],["21.00000000","4768.71000000"],["21.10000000","180.00000000"],["21.12000000","21.33000000"],["21.15000000","2.28000000"],["21.16000000","2.03000000"],["21.19000000","508.51000000"],["21.20000000","51.99000000"],["21.23000000","2.59000000"],["21.25000000","27.97000000"],["21.27000000","5490.97000000"],["21.29000000","7.98000000"],["21.33000000","170.90000000"],["21.34000000","33.75000000"],["21.35000000","33.48000000"],["21.37000000","61.14000000"],["21.38000000","4.00000000"],["21.39000000","24.61000000"],["21.40000000","436.80000000"],["21.41000000","65.70000000"],["21.42000000","42.66000000"],["21.45000000","105.47000000"],["21.50000000","821.40000000"],["21.51000000","265.11000000"],["21.54000000","14.00000000"],["21.55000000","2051.78000000"],["21.58000000","33.59000000"],["21.59000000","45.72000000"],["21.61000000","2.43000000"],["21.66000000","5.54000000"],["21.68000000","313.52000000"],["21.76000000","283.52000000"],["21.80000000","15.48000000"],["21.88000000","49.17000000"],["21.89000000","1.10000000"],["21.90000000","190.30000000"],["21.95000000","10.12000000"],["21.99000000","1.20000000"],["22.00000000","5341.48000000"],["22.02000000","2.33000000"],["22.13000000","227.33000000"],["22.15000000","1.07000000"],["22.17000000","1.47000000"],["22.18000000","21.14000000"],["22.20000000","593.27000000"],["22.22000000","73.06000000"],["22.23000000","0.63000000"],["22.28000000","133.74000000"],["22.29000000","0.45000000"],["22.35000000","0.67000000"],["22.40000000","6.00000000"],["22.41000000","12.62000000"],["22.46000000","1.40000000"],["22.50000000","5.62000000"],["22.56000000","5.96000000"],["22.60000000","2.70000000"],["22.65000000","313.05000000"],["22.68000000","18.40000000"],["22.70000000","15.49000000"],["22.74000000","0.53000000"],["22.77000000","12.00000000"],["22.79000000","20.90000000"],["22.80000000","214.45000000"],["22.82000000","0.99000000"],["22.83000000","2.03000000"],["22.84000000","0.94000000"],["22.85000000","0.88000000"],["22.88000000","6.90000000"],["22.90000000","9.74000000"],["23.00000000","4198.15000000"],["23.19000000","17.03000000"],["23.26000000","1.41000000"],["23.33000000","0.54000000"],["23.35000000","8.96000000"],["23.38000000","2.18000000"],["23.50000000","22.38000000"],["23.51000000","14.17000000"],["23.53000000","1.08000000"],["23.70000000","4.82000000"],["23.80000000","2.99000000"],["23.88000000","3978.29000000"],["23.89000000","6.43000000"],["23.90000000","821.98000000"],["23.95000000","55.13000000"],["23.98000000","9.31000000"],["23.99000000","4.49000000"],["24.00000000","798.49000000"],["24.03000000","6.56000000"],["24.07000000","5.67000000"],["24.10000000","26.49000000"]]}},{"timeToSleep":750,"data":{"e":"depthUpdate","E":1672242116715,"s":"TORNBUSD","U":113354266,"u":113354267,"b":[["4.29000000","491.87000000"]],"a":[["4.69000000","5335.82000000"]]}},{"timeToSleep":977,"data":{"e":"depthUpdate","E":1672242117715,"s":"TORNBUSD","U":113354268,"u":113354274,"b":[["4.29000000","536.87000000"],["4.28000000","1529.95000000"],["4.20000000","2427.63000000"],["4.12000000","2054.13000000"],["4.05000000","3898.84000000"]],"a":[["4.48000000","929.80000000"],["7.25000000","694.68000000"]]}},{"timeToSleep":996,"data":{"e":"depthUpdate","E":1672242118715,"s":"TORNBUSD","U":113354275,"u":113354279,"b":[["4.28000000","1533.24000000"],["4.19000000","595.40000000"],["4.16000000","130.87000000"],["4.15000000","953.12000000"]],"a":[["4.50000000","1352.81000000"]]}},{"timeToSleep":1004,"data":{"e":"depthUpdate","E":1672242119716,"s":"TORNBUSD","U":113354280,"u":113354281,"b":[["4.28000000","1539.95000000"]],"a":[["4.42000000","31.17000000"]]}},{"timeToSleep":998,"data":{"e":"depthUpdate","E":1672242120716,"s":"TORNBUSD","U":113354282,"u":113354283,"b":[["4.17000000","347.87000000"]],"a":[["4.43000000","971.64000000"]]}},{"timeToSleep":1001,"data":{"e":"depthUpdate","E":1672242121716,"s":"TORNBUSD","U":113354284,"u":113354289,"b":[["4.29000000","582.50000000"],["4.25000000","2329.63000000"],["4.18000000","1047.86000000"],["4.12000000","2078.00000000"],["4.05000000","3874.55000000"]],"a":[]}},{"timeToSleep":998,"data":{"e":"depthUpdate","E":1672242122716,"s":"TORNBUSD","U":113354290,"u":113354290,"b":[["4.25000000","2385.62000000"]],"a":[]}},{"timeToSleep":1000,"data":{"e":"depthUpdate","E":1672242123716,"s":"TORNBUSD","U":113354291,"u":113354294,"b":[["4.29000000","592.35000000"],["4.17000000","350.64000000"],["4.15000000","950.33000000"],["4.05000000","1977.20000000"]],"a":[]}},{"timeToSleep":1015,"data":{"e":"depthUpdate","E":1672242124716,"s":"TORNBUSD","U":113354295,"u":113354299,"b":[["4.19000000","506.80000000"],["4.12000000","3943.12000000"],["4.07000000","380.60000000"],["4.04000000","224.42000000"]],"a":[["4.35000000","349.45000000"]]}},{"timeToSleep":1991,"data":{"e":"depthUpdate","E":1672242126716,"s":"TORNBUSD","U":113354300,"u":113354301,"b":[["4.20000000","2516.75000000"]],"a":[["4.37000000","641.54000000"]]}},{"timeToSleep":996,"data":{"e":"depthUpdate","E":1672242127716,"s":"TORNBUSD","U":113354302,"u":113354303,"b":[],"a":[["4.42000000","188.95000000"]]}},{"timeToSleep":1116,"data":{"e":"depthUpdate","E":1672242128716,"s":"TORNBUSD","U":113354304,"u":113354306,"b":[["4.34000000","15.18000000"],["4.16000000","146.81000000"],["4.11000000","381.10000000"]],"a":[]}},{"timeToSleep":916,"data":{"e":"depthUpdate","E":1672242129716,"s":"TORNBUSD","U":113354307,"u":113354308,"b":[["4.30000000","165.82000000"]],"a":[["4.38000000","486.72000000"]]}},{"timeToSleep":970,"data":{"e":"depthUpdate","E":1672242130716,"s":"TORNBUSD","U":113354309,"u":113354319,"b":[["4.34000000","9.80000000"],["4.03000000","644.88000000"],["3.99000000","851.71000000"]],"a":[["4.35000000","346.98000000"],["4.36000000","373.57000000"],["4.41000000","145.62000000"],["4.50000000","1313.41000000"],["4.70000000","1033.69000000"],["4.90000000","4426.10000000"]]}},{"timeToSleep":998,"data":{"e":"depthUpdate","E":1672242131716,"s":"TORNBUSD","U":113354320,"u":113354335,"b":[["4.23000000","810.70000000"],["4.12000000","3971.38000000"],["4.11000000","230.45000000"],["4.09000000","94.49000000"],["4.08000000","120.41000000"],["4.07000000","428.00000000"],["4.06000000","835.22000000"],["4.05000000","1976.95000000"],["4.04000000","147.61000000"],["4.03000000","625.89000000"],["4.01000000","279.33000000"],["3.99000000","822.54000000"]],"a":[]}},{"timeToSleep":999,"data":{"e":"depthUpdate","E":1672242132716,"s":"TORNBUSD","U":113354336,"u":113354409,"b":[["4.34000000","0.00000000"],["4.33000000","0.00000000"],["4.32000000","0.00000000"],["4.31000000","0.00000000"],["4.30000000","59.18000000"],["4.29000000","588.87000000"],["4.28000000","1533.24000000"],["4.27000000","393.74000000"],["4.26000000","372.06000000"],["4.25000000","2365.64000000"],["4.24000000","702.97000000"],["4.23000000","601.48000000"],["4.21000000","1281.31000000"],["4.20000000","2562.46000000"],["4.19000000","613.12000000"],["4.18000000","952.34000000"],["4.17000000","399.11000000"],["4.16000000","62.64000000"],["4.15000000","905.13000000"],["4.14000000","510.11000000"],["4.12000000","4052.09000000"],["4.11000000","314.75000000"],["4.10000000","1288.04000000"],["4.07000000","319.79000000"],["4.06000000","787.70000000"],["4.05000000","2072.23000000"],["4.03000000","687.30000000"],["3.97000000","3176.84000000"],["3.93000000","1477.59000000"]],"a":[["4.32000000","5.53000000"],["4.33000000","18.88000000"],["4.34000000","108.42000000"],["4.35000000","370.53000000"],["4.36000000","383.29000000"]]}},{"timeToSleep":1003,"data":{"e":"depthUpdate","E":1672242133716,"s":"TORNBUSD","U":113354410,"u":113354433,"b":[["4.29000000","547.59000000"],["4.27000000","407.73000000"],["4.26000000","374.51000000"],["4.23000000","721.90000000"],["4.20000000","2350.67000000"],["4.19000000","601.21000000"],["4.18000000","896.32000000"],["4.16000000","324.41000000"],["4.15000000","833.57000000"],["4.14000000","566.67000000"],["4.12000000","2186.97000000"],["4.11000000","399.04000000"],["4.08000000","112.65000000"],["4.05000000","3977.40000000"],["4.00000000","25972.09000000"],["3.96000000","353.59000000"]],"a":[["10.63000000","153.07000000"]]}},{"timeToSleep":996,"data":{"e":"depthUpdate","E":1672242134716,"s":"TORNBUSD","U":113354434,"u":113354438,"b":[["4.15000000","809.71000000"],["4.12000000","2211.00000000"]],"a":[["4.33000000","22.23000000"],["4.36000000","387.02000000"],["10.63000000","2.45000000"]]}},{"timeToSleep":1004,"data":{"e":"depthUpdate","E":1672242135716,"s":"TORNBUSD","U":113354439,"u":113354440,"b":[["4.30000000","61.68000000"]],"a":[["4.35000000","373.87000000"]]}},{"timeToSleep":999,"data":{"e":"depthUpdate","E":1672242136716,"s":"TORNBUSD","U":113354441,"u":113354444,"b":[["4.25000000","2309.59000000"],["4.16000000","347.94000000"]],"a":[["4.32000000","9.26000000"],["4.36000000","383.29000000"]]}},{"timeToSleep":999,"data":{"e":"depthUpdate","E":1672242137716,"s":"TORNBUSD","U":113354445,"u":113354445,"b":[["4.20000000","2647.76000000"]],"a":[]}},{"timeToSleep":1000,"data":{"e":"depthUpdate","E":1672242138716,"s":"TORNBUSD","U":113354446,"u":113354486,"b":[["4.30000000","0.00000000"],["4.29000000","419.55000000"],["4.28000000","1704.72000000"],["4.25000000","2253.54000000"],["4.24000000","414.29000000"],["4.21000000","1572.00000000"],["4.20000000","2578.48000000"],["4.17000000","468.87000000"],["4.11000000","387.00000000"],["4.10000000","1263.89000000"],["4.09000000","66.02000000"],["4.08000000","96.25000000"],["4.07000000","344.12000000"],["4.06000000","816.38000000"],["4.05000000","3929.37000000"],["4.03000000","687.30000000"],["4.00000000","26001.19000000"],["3.98000000","585.26000000"]],"a":[["4.30000000","12.41000000"],["4.32000000","5.53000000"],["4.33000000","47.07000000"],["4.34000000","136.76000000"],["4.35000000","385.58000000"]]}},{"timeToSleep":1000,"data":{"e":"depthUpdate","E":1672242139716,"s":"TORNBUSD","U":113354487,"u":113354510,"b":[["4.29000000","415.82000000"],["4.21000000","1507.81000000"],["4.18000000","960.97000000"],["4.16000000","332.00000000"],["4.12000000","2186.76000000"],["4.11000000","403.13000000"],["4.08000000","56.37000000"],["4.07000000","368.64000000"],["4.06000000","812.69000000"],["4.05000000","3881.73000000"],["4.04000000","195.37000000"],["4.03000000","635.31000000"],["4.01000000","327.44000000"],["4.00000000","26049.42000000"]],"a":[["4.30000000","4.60000000"],["4.33000000","47.07000000"],["4.34000000","136.76000000"],["4.36000000","386.45000000"]]}},{"timeToSleep":1011,"data":{"e":"depthUpdate","E":1672242140716,"s":"TORNBUSD","U":113354511,"u":113354525,"b":[["4.29000000","370.19000000"],["4.26000000","372.06000000"],["4.24000000","416.75000000"],["4.23000000","698.50000000"],["4.20000000","2507.77000000"],["4.18000000","984.65000000"],["4.17000000","540.09000000"]],"a":[["4.30000000","19.96000000"],["4.33000000","22.23000000"],["4.34000000","161.60000000"],["4.38000000","443.01000000"],["4.44000000","326.50000000"]]}},{"timeToSleep":988,"data":{"e":"depthUpdate","E":1672242141716,"s":"TORNBUSD","U":113354526,"u":113354535,"b":[["4.28000000","1471.08000000"],["3.95000000","1066.84000000"]],"a":[["4.30000000","4.60000000"],["4.33000000","22.23000000"],["4.34000000","136.76000000"],["4.40000000","119.25000000"],["4.45000000","459.80000000"]]}},{"timeToSleep":1001,"data":{"e":"depthUpdate","E":1672242142717,"s":"TORNBUSD","U":113354536,"u":113354538,"b":[["4.19000000","596.49000000"],["4.14000000","571.45000000"]],"a":[["4.34000000","161.60000000"]]}},{"timeToSleep":1007,"data":{"e":"depthUpdate","E":1672242143717,"s":"TORNBUSD","U":113354539,"u":113354543,"b":[["4.29000000","354.83000000"],["4.20000000","2450.75000000"],["4.11000000","379.05000000"]],"a":[["4.33000000","47.07000000"],["4.34000000","136.76000000"]]}},{"timeToSleep":993,"data":{"e":"depthUpdate","E":1672242144716,"s":"TORNBUSD","U":113354544,"u":113354548,"b":[],"a":[["4.33000000","47.07000000"],["4.34000000","136.76000000"],["4.70000000","844.27000000"]]}},{"timeToSleep":1118,"data":{"e":"depthUpdate","E":1672242145716,"s":"TORNBUSD","U":113354549,"u":113354577,"b":[["4.30000000","232.85000000"],["4.29000000","0.00000000"],["4.28000000","1407.02000000"],["4.25000000","2250.02000000"],["4.23000000","702.03000000"],["4.21000000","1484.09000000"],["4.19000000","478.56000000"],["4.17000000","682.53000000"],["4.15000000","773.93000000"],["4.14000000","568.66000000"],["4.13000000","316.43000000"],["4.12000000","2080.60000000"],["4.10000000","1852.22000000"],["4.08000000","84.91000000"],["4.05000000","3704.54000000"],["4.03000000","683.18000000"],["4.01000000","458.28000000"]],"a":[["4.30000000","0.00000000"],["4.31000000","4.39000000"],["4.32000000","22.94000000"],["4.33000000","22.23000000"],["4.60000000","2121.30000000"]]}},{"timeToSleep":882,"data":{"e":"depthUpdate","E":1672242146716,"s":"TORNBUSD","U":113354578,"u":113354583,"b":[["4.30000000","229.47000000"],["4.16000000","308.47000000"]],"a":[["4.33000000","47.07000000"],["4.34000000","136.76000000"],["4.35000000","398.63000000"]]}},{"timeToSleep":1001,"data":{"e":"depthUpdate","E":1672242147717,"s":"TORNBUSD","U":113354584,"u":113354598,"b":[["4.27000000","435.77000000"],["4.26000000","440.29000000"],["4.25000000","2253.54000000"],["4.24000000","348.52000000"],["4.23000000","698.50000000"],["4.21000000","1507.81000000"],["4.19000000","454.73000000"],["4.12000000","2189.57000000"],["4.10000000","1742.75000000"]],"a":[["4.33000000","47.07000000"],["4.34000000","136.76000000"],["4.35000000","403.63000000"],["10.63000000","153.07000000"]]}},{"timeToSleep":1005,"data":{"e":"depthUpdate","E":1672242148717,"s":"TORNBUSD","U":113354599,"u":113354611,"b":[["4.30000000","218.02000000"],["4.29000000","23.82000000"],["3.98000000","678.06000000"],["3.80000000","2966.33000000"]],"a":[["4.32000000","47.78000000"],["4.33000000","272.60000000"],["4.34000000","169.00000000"],["4.35000000","271.40000000"]]}},{"timeToSleep":993,"data":{"e":"depthUpdate","E":1672242149717,"s":"TORNBUSD","U":113354612,"u":113354622,"b":[["4.30000000","389.50000000"],["4.28000000","1235.54000000"]],"a":[["4.32000000","108.42000000"],["4.33000000","120.41000000"],["4.34000000","260.55000000"],["4.35000000","391.47000000"]]}},{"timeToSleep":1002,"data":{"e":"depthUpdate","E":1672242150717,"s":"TORNBUSD","U":113354623,"u":113354623,"b":[["4.25000000","2197.49000000"]],"a":[]}},{"timeToSleep":1000,"data":{"e":"depthUpdate","E":1672242151717,"s":"TORNBUSD","U":113354624,"u":113354624,"b":[["4.11000000","362.92000000"]],"a":[]}},{"timeToSleep":1000,"data":{"e":"depthUpdate","E":1672242152717,"s":"TORNBUSD","U":113354625,"u":113354626,"b":[],"a":[["4.31000000","14.24000000"],["4.33000000","236.96000000"]]}},{"timeToSleep":1000,"data":{"e":"depthUpdate","E":1672242153717,"s":"TORNBUSD","U":113354627,"u":113354629,"b":[["4.09000000","82.37000000"]],"a":[["4.32000000","133.26000000"],["4.33000000","212.12000000"]]}},{"timeToSleep":1003,"data":{"e":"depthUpdate","E":1672242154717,"s":"TORNBUSD","U":113354630,"u":113354632,"b":[["4.28000000","1230.72000000"],["4.20000000","2403.26000000"]],"a":[["20.00000000","29001.50000000"]]}},{"timeToSleep":998,"data":{"e":"depthUpdate","E":1672242155717,"s":"TORNBUSD","U":113354633,"u":113354633,"b":[],"a":[["4.35000000","296.82000000"]]}},{"timeToSleep":1076,"data":{"e":"depthUpdate","E":1672242156717,"s":"TORNBUSD","U":113354634,"u":113354635,"b":[["4.28000000","1347.39000000"]],"a":[["4.50000000","1502.83000000"]]}},{"timeToSleep":922,"data":{"e":"depthUpdate","E":1672242157717,"s":"TORNBUSD","U":113354636,"u":113354637,"b":[["4.26000000","444.03000000"],["3.41000000","5055.93000000"]],"a":[]}},{"timeToSleep":1000,"data":{"e":"depthUpdate","E":1672242158717,"s":"TORNBUSD","U":113354638,"u":113354640,"b":[["4.30000000","445.19000000"],["4.26000000","463.26000000"]],"a":[["4.50000000","1717.63000000"]]}},{"timeToSleep":1001,"data":{"e":"depthUpdate","E":1672242159717,"s":"TORNBUSD","U":113354641,"u":113354645,"b":[["4.30000000","514.25000000"],["4.28000000","1415.62000000"],["4.26000000","395.03000000"],["4.21000000","1436.68000000"],["4.17000000","611.31000000"]],"a":[]}},{"timeToSleep":1000,"data":{"e":"depthUpdate","E":1672242160717,"s":"TORNBUSD","U":113354646,"u":113354652,"b":[["4.29000000","28.21000000"],["4.19000000","596.49000000"],["4.17000000","468.87000000"],["4.16000000","380.45000000"],["4.15000000","809.71000000"],["4.13000000","280.48000000"]],"a":[["4.31000000","5.11000000"]]}},{"timeToSleep":1997,"data":{"e":"depthUpdate","E":1672242162717,"s":"TORNBUSD","U":113354653,"u":113354653,"b":[["4.28000000","1893.59000000"]],"a":[]}},{"timeToSleep":2002,"data":{"e":"depthUpdate","E":1672242164717,"s":"TORNBUSD","U":113354654,"u":113354656,"b":[["4.30000000","445.19000000"],["4.29000000","97.44000000"],["4.03000000","621.77000000"]],"a":[]}},{"timeToSleep":1001,"data":{"e":"depthUpdate","E":1672242165717,"s":"TORNBUSD","U":113354657,"u":113354657,"b":[["4.26000000","376.29000000"]],"a":[]}},{"timeToSleep":1006,"data":{"e":"depthUpdate","E":1672242166717,"s":"TORNBUSD","U":113354658,"u":113354660,"b":[["4.26000000","317.73000000"]],"a":[]}},{"timeToSleep":1993,"data":{"e":"depthUpdate","E":1672242168718,"s":"TORNBUSD","U":113354661,"u":113354661,"b":[["4.30000000","451.93000000"]],"a":[]}},{"timeToSleep":1002,"data":{"e":"depthUpdate","E":1672242169718,"s":"TORNBUSD","U":113354662,"u":113354663,"b":[["4.30000000","489.45000000"],["4.20000000","2106.17000000"]],"a":[]}},{"timeToSleep":1002,"data":{"e":"depthUpdate","E":1672242170718,"s":"TORNBUSD","U":113354664,"u":113354667,"b":[["4.30000000","467.85000000"],["4.25000000","1670.92000000"]],"a":[["4.31000000","32.62000000"]]}},{"timeToSleep":1019,"data":{"e":"depthUpdate","E":1672242171718,"s":"TORNBUSD","U":113354668,"u":113354668,"b":[["4.25000000","1284.49000000"]],"a":[]}},{"timeToSleep":1004,"data":{"e":"depthUpdate","E":1672242172718,"s":"TORNBUSD","U":113354669,"u":113354670,"b":[["4.29000000","28.21000000"],["4.07000000","295.06000000"]],"a":[]}},{"timeToSleep":975,"data":{"e":"depthUpdate","E":1672242173718,"s":"TORNBUSD","U":113354671,"u":113354671,"b":[],"a":[["4.41000000","136.57000000"]]}},{"timeToSleep":999,"data":{"e":"depthUpdate","E":1672242174718,"s":"TORNBUSD","U":113354672,"u":113354673,"b":[["4.30000000","471.88000000"]],"a":[["4.34000000","265.49000000"]]}},{"timeToSleep":1003,"data":{"e":"depthUpdate","E":1672242175718,"s":"TORNBUSD","U":113354674,"u":113354674,"b":[["4.29000000","98.01000000"]],"a":[]}},{"timeToSleep":998,"data":{"e":"depthUpdate","E":1672242176718,"s":"TORNBUSD","U":113354675,"u":113354676,"b":[["4.30000000","588.12000000"]],"a":[["19.92000000","0.00000000"]]}},{"timeToSleep":1999,"data":{"e":"depthUpdate","E":1672242178718,"s":"TORNBUSD","U":113354677,"u":113354678,"b":[["4.04000000","325.24000000"],["4.01000000","327.44000000"]],"a":[]}},{"timeToSleep":1000,"data":{"e":"depthUpdate","E":1672242179718,"s":"TORNBUSD","U":113354679,"u":113354679,"b":[],"a":[["4.46000000","316.29000000"]]}},{"timeToSleep":1000,"data":{"e":"depthUpdate","E":1672242180718,"s":"TORNBUSD","U":113354680,"u":113354680,"b":[["3.96000000","23.34000000"]],"a":[]}},{"timeToSleep":1001,"data":{"e":"depthUpdate","E":1672242181718,"s":"TORNBUSD","U":113354681,"u":113354684,"b":[["4.20000000","933.08000000"],["3.96000000","356.34000000"]],"a":[["4.40000000","54.98000000"],["21.57000000","47.60000000"]]}},{"timeToSleep":1000,"data":{"e":"depthUpdate","E":1672242182718,"s":"TORNBUSD","U":113354685,"u":113354687,"b":[["4.04000000","387.01000000"]],"a":[["4.38000000","810.28000000"],["13.20000000","12.71000000"]]}},{"timeToSleep":1001,"data":{"e":"depthUpdate","E":1672242183718,"s":"TORNBUSD","U":113354688,"u":113354698,"b":[["4.30000000","610.90000000"],["4.29000000","115.42000000"],["4.15000000","773.93000000"]],"a":[["4.31000000","0.00000000"],["4.32000000","24.84000000"],["4.34000000","301.73000000"],["4.38000000","793.41000000"],["4.40000000","71.78000000"],["20.00000000","28900.82000000"]]}},{"timeToSleep":1024,"data":{"e":"depthUpdate","E":1672242184718,"s":"TORNBUSD","U":113354699,"u":113354705,"b":[["4.23000000","722.11000000"],["4.21000000","1412.96000000"],["4.15000000","810.01000000"],["4.14000000","677.12000000"],["4.12000000","2080.60000000"],["4.08000000","1968.31000000"],["4.05000000","1807.19000000"]],"a":[]}},{"timeToSleep":975,"data":{"e":"depthUpdate","E":1672242185719,"s":"TORNBUSD","U":113354706,"u":113354707,"b":[["4.30000000","614.94000000"],["4.25000000","1336.85000000"]],"a":[]}},{"timeToSleep":1001,"data":{"e":"depthUpdate","E":1672242186719,"s":"TORNBUSD","U":113354708,"u":113354708,"b":[["4.20000000","8560.54000000"]],"a":[]}},{"timeToSleep":998,"data":{"e":"depthUpdate","E":1672242187719,"s":"TORNBUSD","U":113354709,"u":113354711,"b":[],"a":[["4.36000000","549.24000000"],["4.43000000","637.13000000"],["4.45000000","794.31000000"]]}},{"timeToSleep":1000,"data":{"e":"depthUpdate","E":1672242188719,"s":"TORNBUSD","U":113354712,"u":113354712,"b":[],"a":[["4.58000000","255.53000000"]]}},{"timeToSleep":1003,"data":{"e":"depthUpdate","E":1672242189719,"s":"TORNBUSD","U":113354713,"u":113354715,"b":[["4.29000000","126.47000000"]],"a":[["4.32000000","64.27000000"]]}},{"timeToSleep":999,"data":{"e":"depthUpdate","E":1672242190719,"s":"TORNBUSD","U":113354716,"u":113354717,"b":[["4.14000000","620.56000000"]],"a":[["4.36000000","211.05000000"]]}},{"timeToSleep":999,"data":{"e":"depthUpdate","E":1672242191719,"s":"TORNBUSD","U":113354718,"u":113354726,"b":[["4.30000000","443.46000000"],["4.29000000","303.70000000"],["4.24000000","400.99000000"],["4.11000000","278.62000000"]],"a":[["4.31000000","0.00000000"],["4.32000000","271.08000000"],["4.33000000","183.78000000"],["4.34000000","124.70000000"]]}},{"timeToSleep":1002,"data":{"e":"depthUpdate","E":1672242192719,"s":"TORNBUSD","U":113354727,"u":113354736,"b":[["4.25000000","1321.97000000"],["4.24000000","453.46000000"],["4.14000000","677.59000000"]],"a":[["4.31000000","0.00000000"],["4.32000000","242.74000000"],["4.33000000","212.12000000"],["4.34000000","124.70000000"]]}},{"timeToSleep":1001,"data":{"e":"depthUpdate","E":1672242193719,"s":"TORNBUSD","U":113354737,"u":113354748,"b":[["4.27000000","419.34000000"],["4.25000000","1374.33000000"],["4.12000000","2165.40000000"]],"a":[["4.31000000","24.84000000"],["4.32000000","242.74000000"],["4.33000000","212.12000000"],["4.34000000","124.70000000"]]}},{"timeToSleep":999,"data":{"e":"depthUpdate","E":1672242194719,"s":"TORNBUSD","U":113354749,"u":113354761,"b":[["4.24000000","470.01000000"],["4.19000000","454.73000000"]],"a":[["4.31000000","24.84000000"],["4.32000000","278.98000000"],["4.33000000","212.12000000"],["4.34000000","88.46000000"],["4.50000000","1712.34000000"]]}},{"timeToSleep":999,"data":{"e":"depthUpdate","E":1672242195719,"s":"TORNBUSD","U":113354762,"u":113354772,"b":[["4.13000000","296.54000000"],["4.09000000","66.02000000"]],"a":[["4.31000000","24.84000000"],["4.32000000","278.98000000"],["4.33000000","167.12000000"],["4.34000000","88.46000000"]]}},{"timeToSleep":998,"data":{"e":"depthUpdate","E":1672242196719,"s":"TORNBUSD","U":113354773,"u":113354782,"b":[["4.19000000","597.67000000"],["3.93000000","1339.05000000"]],"a":[["4.31000000","0.00000000"],["4.32000000","125.35000000"],["4.34000000","266.93000000"],["4.38000000","530.84000000"]]}},{"timeToSleep":1003,"data":{"e":"depthUpdate","E":1672242197719,"s":"TORNBUSD","U":113354783,"u":113354785,"b":[["4.16000000","356.66000000"]],"a":[["4.32000000","97.80000000"]]}},{"timeToSleep":1061,"data":{"e":"depthUpdate","E":1672242198719,"s":"TORNBUSD","U":113354786,"u":113354794,"b":[["4.24000000","522.42000000"],["4.11000000","335.28000000"],["4.09000000","37.55000000"],["4.08000000","1939.77000000"],["4.05000000","1854.83000000"],["4.03000000","573.90000000"]],"a":[["4.31000000","0.00000000"]]}},{"timeToSleep":942,"data":{"e":"depthUpdate","E":1672242199719,"s":"TORNBUSD","U":113354795,"u":113354801,"b":[["4.29000000","309.16000000"],["4.08000000","56.37000000"],["4.07000000","2183.09000000"]],"a":[["4.31000000","24.84000000"],["4.38000000","533.13000000"]]}},{"timeToSleep":997,"data":{"e":"depthUpdate","E":1672242200719,"s":"TORNBUSD","U":113354802,"u":113354806,"b":[["4.28000000","1896.98000000"]],"a":[["4.31000000","0.00000000"],["4.32000000","97.80000000"],["4.45000000","459.80000000"]]}},{"timeToSleep":1000,"data":{"e":"depthUpdate","E":1672242201719,"s":"TORNBUSD","U":113354807,"u":113354812,"b":[["4.24000000","574.83000000"]],"a":[["4.31000000","0.00000000"],["4.32000000","122.64000000"],["4.45000000","689.25000000"],["4.46000000","650.80000000"]]}},{"timeToSleep":1000,"data":{"e":"depthUpdate","E":1672242202719,"s":"TORNBUSD","U":113354813,"u":113354817,"b":[["3.94000000","209.29000000"]],"a":[["4.31000000","24.84000000"],["4.32000000","142.80000000"],["4.44000000","312.96000000"]]}},{"timeToSleep":1031,"data":{"e":"depthUpdate","E":1672242203719,"s":"TORNBUSD","U":113354818,"u":113354822,"b":[["4.24000000","627.24000000"]],"a":[["4.31000000","0.00000000"],["4.32000000","142.80000000"],["4.44000000","317.52000000"]]}},{"timeToSleep":968,"data":{"e":"depthUpdate","E":1672242204720,"s":"TORNBUSD","U":113354823,"u":113354830,"b":[["4.16000000","380.65000000"],["4.15000000","798.09000000"],["4.10000000","3616.96000000"],["4.07000000","295.06000000"]],"a":[["4.31000000","24.84000000"],["4.46000000","664.34000000"]]}},{"timeToSleep":2002,"data":{"e":"depthUpdate","E":1672242206720,"s":"TORNBUSD","U":113354831,"u":113354833,"b":[],"a":[["4.31000000","0.00000000"],["4.32000000","167.64000000"],["21.49000000","66.50000000"]]}},{"timeToSleep":999,"data":{"e":"depthUpdate","E":1672242207720,"s":"TORNBUSD","U":113354834,"u":113354838,"b":[["4.31000000","177.23000000"],["4.29000000","131.93000000"]],"a":[["4.32000000","142.80000000"],["4.36000000","578.32000000"],["21.00000000","4663.84000000"]]}},{"timeToSleep":1000,"data":{"e":"depthUpdate","E":1672242208720,"s":"TORNBUSD","U":113354839,"u":113354845,"b":[["4.19000000","668.55000000"],["4.16000000","308.67000000"],["4.13000000","775.95000000"],["4.10000000","3134.04000000"]],"a":[["4.32000000","149.14000000"],["4.44000000","441.65000000"]]}},{"timeToSleep":999,"data":{"e":"depthUpdate","E":1672242209720,"s":"TORNBUSD","U":113354846,"u":113354856,"b":[["4.28000000","1948.98000000"],["4.21000000","1554.05000000"],["4.20000000","8772.68000000"],["4.19000000","525.61000000"],["4.17000000","255.21000000"],["4.15000000","800.88000000"],["4.12000000","2186.61000000"],["4.10000000","3133.85000000"],["4.07000000","270.73000000"]],"a":[]}},{"timeToSleep":1042,"data":{"e":"depthUpdate","E":1672242210720,"s":"TORNBUSD","U":113354857,"u":113354860,"b":[["4.20000000","8837.03000000"],["4.18000000","920.00000000"],["4.10000000","1259.64000000"],["4.07000000","2158.76000000"]],"a":[]}},{"timeToSleep":959,"data":{"e":"depthUpdate","E":1672242211720,"s":"TORNBUSD","U":113354861,"u":113354862,"b":[["4.29000000","141.83000000"]],"a":[["5.33000000","11.49000000"]]}},{"timeToSleep":2108,"data":{"e":"depthUpdate","E":1672242213720,"s":"TORNBUSD","U":113354863,"u":113354864,"b":[["4.28000000","1955.69000000"]],"a":[["4.32000000","210.24000000"]]}},{"timeToSleep":892,"data":{"e":"depthUpdate","E":1672242214720,"s":"TORNBUSD","U":113354865,"u":113354865,"b":[["4.27000000","363.25000000"]],"a":[]}},{"timeToSleep":1000,"data":{"e":"depthUpdate","E":1672242215721,"s":"TORNBUSD","U":113354866,"u":113354869,"b":[["4.17000000","259.95000000"],["4.14000000","672.81000000"]],"a":[["4.40000000","61.55000000"],["5.50000000","7841.19000000"]]}},{"timeToSleep":1000,"data":{"e":"depthUpdate","E":1672242216720,"s":"TORNBUSD","U":113354870,"u":113354870,"b":[["4.26000000","298.50000000"]],"a":[]}},{"timeToSleep":1000,"data":{"e":"depthUpdate","E":1672242217720,"s":"TORNBUSD","U":113354871,"u":113354872,"b":[["4.21000000","1484.28000000"],["4.03000000","533.86000000"]],"a":[]}},{"timeToSleep":2000,"data":{"e":"depthUpdate","E":1672242219720,"s":"TORNBUSD","U":113354873,"u":113354873,"b":[["4.05000000","1895.00000000"]],"a":[]}},{"timeToSleep":1002,"data":{"e":"depthUpdate","E":1672242220720,"s":"TORNBUSD","U":113354874,"u":113354874,"b":[],"a":[["4.42000000","173.28000000"]]}},{"timeToSleep":998,"data":{"e":"depthUpdate","E":1672242221720,"s":"TORNBUSD","U":113354875,"u":113354879,"b":[["4.21000000","1780.67000000"],["4.12000000","2173.88000000"]],"a":[["4.37000000","648.66000000"],["4.41000000","152.47000000"]]}},{"timeToSleep":1000,"data":{"e":"depthUpdate","E":1672242222720,"s":"TORNBUSD","U":113354880,"u":113354883,"b":[["4.19000000","454.73000000"],["4.11000000","280.03000000"]],"a":[["4.32000000","333.23000000"],["4.33000000","138.78000000"]]}},{"timeToSleep":1002,"data":{"e":"depthUpdate","E":1672242223720,"s":"TORNBUSD","U":113354884,"u":113354889,"b":[["4.27000000","382.43000000"],["4.17000000","331.76000000"],["4.07000000","2219.57000000"],["4.05000000","1942.64000000"],["4.04000000","277.48000000"]],"a":[]}},{"timeToSleep":998,"data":{"e":"depthUpdate","E":1672242224721,"s":"TORNBUSD","U":113354890,"u":113354890,"b":[],"a":[["4.48000000","951.94000000"]]}},{"timeToSleep":1001,"data":{"e":"depthUpdate","E":1672242225720,"s":"TORNBUSD","U":113354891,"u":113354906,"b":[["4.31000000","163.18000000"],["4.09000000","66.02000000"],["4.08000000","84.90000000"],["4.06000000","784.01000000"],["4.05000000","1942.64000000"],["4.03000000","581.73000000"],["4.02000000","153.00000000"],["4.01000000","279.33000000"],["4.00000000","25972.09000000"],["3.97000000","3225.44000000"],["3.95000000","1017.59000000"]],"a":[["4.42000000","327.88000000"]]}},{"timeToSleep":1026,"data":{"e":"depthUpdate","E":1672242226721,"s":"TORNBUSD","U":113354907,"u":113354907,"b":[["4.28000000","1477.72000000"]],"a":[]}},{"timeToSleep":985,"data":{"e":"depthUpdate","E":1672242227721,"s":"TORNBUSD","U":113354908,"u":113354911,"b":[["4.30000000","543.51000000"],["4.28000000","1391.90000000"]],"a":[["4.48000000","962.17000000"],["4.95000000","10029.61000000"]]}},{"timeToSleep":986,"data":{"e":"depthUpdate","E":1672242228721,"s":"TORNBUSD","U":113354912,"u":113354912,"b":[["4.21000000","1484.28000000"]],"a":[]}},{"timeToSleep":1005,"data":{"e":"depthUpdate","E":1672242229721,"s":"TORNBUSD","U":113354913,"u":113354914,"b":[["4.31000000","367.71000000"],["4.12000000","2149.85000000"]],"a":[]}},{"timeToSleep":1010,"data":{"e":"depthUpdate","E":1672242230721,"s":"TORNBUSD","U":113354915,"u":113354915,"b":[],"a":[["4.32000000","352.23000000"]]}},{"timeToSleep":987,"data":{"e":"depthUpdate","E":1672242231721,"s":"TORNBUSD","U":113354916,"u":113354916,"b":[["4.25000000","1321.97000000"]],"a":[]}},{"timeToSleep":2001,"data":{"e":"depthUpdate","E":1672242233721,"s":"TORNBUSD","U":113354917,"u":113354917,"b":[],"a":[["4.61000000","163.22000000"]]}},{"timeToSleep":2001,"data":{"e":"depthUpdate","E":1672242235721,"s":"TORNBUSD","U":113354918,"u":113354920,"b":[["4.12000000","2174.08000000"]],"a":[["18.00000000","9342.10000000"],["21.00000000","4768.71000000"]]}},{"timeToSleep":3000,"data":{"e":"depthUpdate","E":1672242238721,"s":"TORNBUSD","U":113354921,"u":113354924,"b":[["4.11000000","251.70000000"],["4.07000000","2266.97000000"],["4.05000000","1895.00000000"],["4.03000000","533.86000000"]],"a":[]}},{"timeToSleep":1014,"data":{"e":"depthUpdate","E":1672242239721,"s":"TORNBUSD","U":113354925,"u":113354934,"b":[["4.25000000","1269.61000000"],["4.13000000","779.95000000"],["4.12000000","2202.34000000"],["4.05000000","1866.26000000"],["4.03000000","582.13000000"]],"a":[["4.32000000","244.59000000"],["4.33000000","167.12000000"],["4.34000000","287.44000000"]]}},{"timeToSleep":985,"data":{"e":"depthUpdate","E":1672242240721,"s":"TORNBUSD","U":113354935,"u":113354939,"b":[["4.30000000","611.74000000"],["4.29000000","130.78000000"],["4.28000000","1323.67000000"],["4.24000000","574.77000000"],["4.03000000","553.25000000"]],"a":[]}},{"timeToSleep":1001,"data":{"e":"depthUpdate","E":1672242241721,"s":"TORNBUSD","U":113354940,"u":113354942,"b":[["4.05000000","1847.60000000"]],"a":[["4.37000000","645.10000000"]]}},{"timeToSleep":999,"data":{"e":"depthUpdate","E":1672242242721,"s":"TORNBUSD","U":113354943,"u":113354944,"b":[["4.06000000","831.93000000"],["4.03000000","582.38000000"]],"a":[]}},{"timeToSleep":1001,"data":{"e":"depthUpdate","E":1672242243721,"s":"TORNBUSD","U":113354945,"u":113354950,"b":[["4.31000000","302.72000000"],["4.23000000","680.25000000"],["4.21000000","1437.77000000"]],"a":[["4.46000000","329.83000000"],["21.00000000","4777.43000000"]]}},{"timeToSleep":999,"data":{"e":"depthUpdate","E":1672242244721,"s":"TORNBUSD","U":113354951,"u":113354954,"b":[["4.24000000","522.30000000"],["4.07000000","378.94000000"]],"a":[["4.43000000","971.64000000"],["5.00000000","5634.37000000"]]}},{"timeToSleep":1000,"data":{"e":"depthUpdate","E":1672242245722,"s":"TORNBUSD","U":113354955,"u":113354957,"b":[["4.25000000","1321.97000000"],["4.13000000","2640.55000000"]],"a":[["4.33000000","258.40000000"]]}},{"timeToSleep":1003,"data":{"e":"depthUpdate","E":1672242246721,"s":"TORNBUSD","U":113354958,"u":113354961,"b":[["4.31000000","245.54000000"],["4.14000000","719.76000000"],["4.13000000","2593.48000000"]],"a":[["4.32000000","272.93000000"],["4.33000000","230.06000000"]]}},{"timeToSleep":1002,"data":{"e":"depthUpdate","E":1672242247722,"s":"TORNBUSD","U":113354962,"u":113354962,"b":[["4.24000000","574.77000000"]],"a":[]}},{"timeToSleep":996,"data":{"e":"depthUpdate","E":1672242248722,"s":"TORNBUSD","U":113354963,"u":113354963,"b":[["4.15000000","798.09000000"]],"a":[]}},{"timeToSleep":1000,"data":{"e":"depthUpdate","E":1672242249722,"s":"TORNBUSD","U":113354964,"u":113354968,"b":[["4.28000000","1794.00000000"],["4.27000000","334.86000000"],["4.11000000","191.49000000"]],"a":[["4.40000000","399.74000000"],["21.00000000","4722.68000000"]]}},{"timeToSleep":999,"data":{"e":"depthUpdate","E":1672242250722,"s":"TORNBUSD","U":113354969,"u":113354970,"b":[["4.15000000","800.90000000"]],"a":[["4.50000000","1701.33000000"]]}},{"timeToSleep":1000,"data":{"e":"depthUpdate","E":1672242251722,"s":"TORNBUSD","U":113354971,"u":113354972,"b":[],"a":[["4.41000000","136.57000000"],["4.80000000","190.56000000"]]}},{"timeToSleep":998,"data":{"e":"depthUpdate","E":1672242252722,"s":"TORNBUSD","U":113354973,"u":113354974,"b":[["4.07000000","331.54000000"]],"a":[["4.38000000","549.14000000"]]}},{"timeToSleep":1008,"data":{"e":"depthUpdate","E":1672242253722,"s":"TORNBUSD","U":113354975,"u":113354977,"b":[["4.30000000","574.22000000"],["4.28000000","1787.29000000"]],"a":[["4.63000000","74.09000000"]]}},{"timeToSleep":995,"data":{"e":"depthUpdate","E":1672242254722,"s":"TORNBUSD","U":113354978,"u":113354981,"b":[["4.24000000","522.36000000"],["4.23000000","683.79000000"],["4.07000000","379.34000000"]],"a":[["4.60000000","2056.08000000"]]}},{"timeToSleep":1004,"data":{"e":"depthUpdate","E":1672242255722,"s":"TORNBUSD","U":113354982,"u":113354984,"b":[["4.31000000","282.97000000"],["4.24000000","469.95000000"],["4.02000000","105.01000000"]],"a":[]}},{"timeToSleep":996,"data":{"e":"depthUpdate","E":1672242256722,"s":"TORNBUSD","U":113354985,"u":113354985,"b":[["4.24000000","467.49000000"]],"a":[]}},{"timeToSleep":1001,"data":{"e":"depthUpdate","E":1672242257722,"s":"TORNBUSD","U":113354986,"u":113354986,"b":[["4.02000000","153.40000000"]],"a":[]}},{"timeToSleep":1007,"data":{"e":"depthUpdate","E":1672242258722,"s":"TORNBUSD","U":113354987,"u":113354989,"b":[["4.31000000","252.96000000"],["4.29000000","125.32000000"]],"a":[]}},{"timeToSleep":1993,"data":{"e":"depthUpdate","E":1672242260722,"s":"TORNBUSD","U":113354990,"u":113354992,"b":[["4.31000000","217.17000000"],["4.30000000","570.19000000"]],"a":[]}},{"timeToSleep":1998,"data":{"e":"depthUpdate","E":1672242262722,"s":"TORNBUSD","U":113354993,"u":113354994,"b":[["4.31000000","221.19000000"]],"a":[["4.33000000","113.51000000"]]}},{"timeToSleep":1001,"data":{"e":"depthUpdate","E":1672242263722,"s":"TORNBUSD","U":113354995,"u":113354995,"b":[],"a":[["4.32000000","244.59000000"],["4.33000000","141.85000000"]]}},{"timeToSleep":1000,"data":{"e":"depthUpdate","E":1672242264722,"s":"TORNBUSD","U":113354996,"u":113354996,"b":[["4.24000000","415.08000000"]],"a":[]}},{"timeToSleep":2000,"data":{"e":"depthUpdate","E":1672242266723,"s":"TORNBUSD","U":113354997,"u":113354997,"b":[["4.20000000","8931.98000000"]],"a":[]}},{"timeToSleep":998,"data":{"e":"depthUpdate","E":1672242267722,"s":"TORNBUSD","U":113354998,"u":113354999,"b":[["4.31000000","104.64000000"]],"a":[["4.32000000","183.49000000"]]}},{"timeToSleep":1003,"data":{"e":"depthUpdate","E":1672242268723,"s":"TORNBUSD","U":113355000,"u":113355000,"b":[["4.27000000","306.82000000"]],"a":[]}},{"timeToSleep":1011,"data":{"e":"depthUpdate","E":1672242269722,"s":"TORNBUSD","U":113355001,"u":113355001,"b":[["4.27000000","311.81000000"]],"a":[]}},{"timeToSleep":990,"data":{"e":"depthUpdate","E":1672242270723,"s":"TORNBUSD","U":113355002,"u":113355003,"b":[["4.31000000","100.10000000"]],"a":[["4.32000000","168.10000000"]]}},{"timeToSleep":998,"data":{"e":"depthUpdate","E":1672242271723,"s":"TORNBUSD","U":113355004,"u":113355005,"b":[["4.31000000","105.09000000"],["4.27000000","306.82000000"]],"a":[]}},{"timeToSleep":2008,"data":{"e":"depthUpdate","E":1672242273723,"s":"TORNBUSD","U":113355006,"u":113355006,"b":[],"a":[["4.38000000","444.44000000"]]}},{"timeToSleep":998,"data":{"e":"depthUpdate","E":1672242274723,"s":"TORNBUSD","U":113355007,"u":113355008,"b":[["4.31000000","100.10000000"]],"a":[["4.32000000","163.11000000"]]}},{"timeToSleep":1995,"data":{"e":"depthUpdate","E":1672242276723,"s":"TORNBUSD","U":113355009,"u":113355009,"b":[["4.30000000","563.45000000"]],"a":[]}},{"timeToSleep":999,"data":{"e":"depthUpdate","E":1672242277723,"s":"TORNBUSD","U":113355010,"u":113355020,"b":[["4.31000000","0.00000000"],["4.30000000","561.16000000"],["4.21000000","1263.36000000"],["4.17000000","262.00000000"],["4.07000000","331.54000000"],["4.05000000","1895.24000000"]],"a":[["4.31000000","24.84000000"],["4.32000000","138.27000000"]]}},{"timeToSleep":1001,"data":{"e":"depthUpdate","E":1672242278723,"s":"TORNBUSD","U":113355021,"u":113355031,"b":[["4.23000000","660.18000000"],["4.21000000","1287.08000000"],["4.14000000","611.30000000"],["4.13000000","732.88000000"],["4.12000000","2311.31000000"],["4.05000000","3792.59000000"]],"a":[["4.31000000","0.00000000"],["4.32000000","158.78000000"],["4.34000000","266.93000000"]]}},{"timeToSleep":1001,"data":{"e":"depthUpdate","E":1672242279723,"s":"TORNBUSD","U":113355032,"u":113355035,"b":[["4.14000000","564.35000000"],["4.13000000","779.95000000"]],"a":[["4.31000000","0.00000000"]]}},{"timeToSleep":1000,"data":{"e":"depthUpdate","E":1672242280723,"s":"TORNBUSD","U":113355036,"u":113355037,"b":[["4.20000000","8719.84000000"]],"a":[["4.31000000","24.84000000"]]}},{"timeToSleep":1014,"data":{"e":"depthUpdate","E":1672242281723,"s":"TORNBUSD","U":113355038,"u":113355043,"b":[["4.19000000","669.15000000"],["4.04000000","147.61000000"]],"a":[["4.31000000","24.84000000"],["4.33000000","141.85000000"]]}},{"timeToSleep":1984,"data":{"e":"depthUpdate","E":1672242283723,"s":"TORNBUSD","U":113355044,"u":113355047,"b":[["4.30000000","623.19000000"],["4.05000000","3923.22000000"]],"a":[["4.31000000","24.84000000"]]}},{"timeToSleep":1005,"data":{"e":"depthUpdate","E":1672242284723,"s":"TORNBUSD","U":113355048,"u":113355054,"b":[["4.15000000","764.82000000"]],"a":[["4.31000000","24.84000000"],["4.32000000","139.78000000"],["4.33000000","141.85000000"],["4.40000000","464.96000000"]]}},{"timeToSleep":997,"data":{"e":"depthUpdate","E":1672242285723,"s":"TORNBUSD","U":113355055,"u":113355059,"b":[["4.15000000","800.90000000"],["4.10000000","1235.49000000"],["4.09000000","90.43000000"]],"a":[["4.31000000","24.84000000"]]}},{"timeToSleep":999,"data":{"e":"depthUpdate","E":1672242286723,"s":"TORNBUSD","U":113355060,"u":113355062,"b":[["4.30000000","370.13000000"]],"a":[["4.31000000","0.00000000"]]}},{"timeToSleep":1001,"data":{"e":"depthUpdate","E":1672242287723,"s":"TORNBUSD","U":113355063,"u":113355069,"b":[["4.15000000","812.92000000"],["4.06000000","2724.61000000"],["4.05000000","2025.87000000"]],"a":[["4.31000000","0.00000000"],["4.33000000","166.69000000"],["4.65000000","204.49000000"]]}},{"timeToSleep":1999,"data":{"e":"depthUpdate","E":1672242289723,"s":"TORNBUSD","U":113355070,"u":113355079,"b":[["4.30000000","312.15000000"],["4.11000000","252.21000000"]],"a":[["4.31000000","0.00000000"],["4.33000000","166.69000000"],["4.34000000","283.35000000"],["21.50000000","827.28000000"]]}},{"timeToSleep":3001,"data":{"e":"depthUpdate","E":1672242292724,"s":"TORNBUSD","U":113355080,"u":113355082,"b":[],"a":[["4.31000000","45.97000000"],["4.32000000","164.62000000"],["4.33000000","141.85000000"]]}},{"timeToSleep":1001,"data":{"e":"depthUpdate","E":1672242293724,"s":"TORNBUSD","U":113355083,"u":113355088,"b":[["4.30000000","314.49000000"],["4.06000000","831.93000000"],["4.05000000","3923.22000000"]],"a":[["4.31000000","45.97000000"],["4.32000000","139.78000000"]]}},{"timeToSleep":1037,"data":{"e":"depthUpdate","E":1672242294724,"s":"TORNBUSD","U":113355089,"u":113355090,"b":[],"a":[["4.31000000","24.84000000"],["4.32000000","139.10000000"]]}},{"timeToSleep":966,"data":{"e":"depthUpdate","E":1672242295725,"s":"TORNBUSD","U":113355091,"u":113355093,"b":[["4.25000000","1269.61000000"]],"a":[["4.31000000","0.00000000"],["4.33000000","166.69000000"]]}},{"timeToSleep":995,"data":{"e":"depthUpdate","E":1672242296724,"s":"TORNBUSD","U":113355094,"u":113355101,"b":[["4.23000000","683.79000000"],["4.21000000","1263.36000000"],["4.14000000","672.81000000"],["4.12000000","4067.46000000"],["4.05000000","2025.87000000"]],"a":[["4.31000000","24.84000000"],["4.33000000","141.85000000"]]}},{"timeToSleep":2000,"data":{"e":"depthUpdate","E":1672242298724,"s":"TORNBUSD","U":113355102,"u":113355102,"b":[],"a":[["4.31000000","0.00000000"],["4.32000000","137.24000000"]]}},{"timeToSleep":1002,"data":{"e":"depthUpdate","E":1672242299724,"s":"TORNBUSD","U":113355103,"u":113355106,"b":[["4.21000000","1559.75000000"]],"a":[["4.32000000","130.15000000"],["4.35000000","534.26000000"],["11.00000000","5874.57000000"]]}},{"timeToSleep":1011,"data":{"e":"depthUpdate","E":1672242300724,"s":"TORNBUSD","U":113355107,"u":113355110,"b":[["4.23000000","605.23000000"],["4.22000000","909.65000000"]],"a":[["4.32000000","191.25000000"]]}},{"timeToSleep":988,"data":{"e":"depthUpdate","E":1672242301724,"s":"TORNBUSD","U":113355111,"u":113355112,"b":[["4.20000000","8624.89000000"]],"a":[["4.84000000","31.88000000"]]}},{"timeToSleep":1001,"data":{"e":"depthUpdate","E":1672242302724,"s":"TORNBUSD","U":113355113,"u":113355116,"b":[["4.26000000","296.10000000"]],"a":[["4.32000000","214.30000000"],["4.44000000","460.15000000"],["5.40000000","3050.19000000"]]}},{"timeToSleep":1012,"data":{"e":"depthUpdate","E":1672242303724,"s":"TORNBUSD","U":113355117,"u":113355118,"b":[["4.23000000","581.62000000"],["4.07000000","307.02000000"]],"a":[]}},{"timeToSleep":988,"data":{"e":"depthUpdate","E":1672242304725,"s":"TORNBUSD","U":113355119,"u":113355119,"b":[["4.05000000","2018.05000000"]],"a":[]}},{"timeToSleep":1003,"data":{"e":"depthUpdate","E":1672242305724,"s":"TORNBUSD","U":113355120,"u":113355120,"b":[],"a":[["17.00000000","6591.01000000"]]}},{"timeToSleep":997,"data":{"e":"depthUpdate","E":1672242306724,"s":"TORNBUSD","U":113355121,"u":113355122,"b":[["4.05000000","2025.93000000"]],"a":[["21.50000000","821.40000000"]]}},{"timeToSleep":1000,"data":{"e":"depthUpdate","E":1672242307724,"s":"TORNBUSD","U":113355123,"u":113355123,"b":[],"a":[["21.00000000","4777.43000000"]]}},{"timeToSleep":1000,"data":{"e":"depthUpdate","E":1672242308724,"s":"TORNBUSD","U":113355124,"u":113355127,"b":[["4.26000000","773.75000000"],["4.11000000","223.88000000"]],"a":[["4.32000000","191.25000000"],["5.40000000","4577.63000000"]]}},{"timeToSleep":999,"data":{"e":"depthUpdate","E":1672242309724,"s":"TORNBUSD","U":113355128,"u":113355129,"b":[["4.24000000","362.61000000"],["4.14000000","505.42000000"]],"a":[]}},{"timeToSleep":1001,"data":{"e":"depthUpdate","E":1672242310724,"s":"TORNBUSD","U":113355130,"u":113355131,"b":[["4.14000000","409.77000000"],["4.11000000","252.44000000"]],"a":[]}},{"timeToSleep":1002,"data":{"e":"depthUpdate","E":1672242311725,"s":"TORNBUSD","U":113355132,"u":113355136,"b":[["4.30000000","291.44000000"],["4.28000000","1794.00000000"],["4.22000000","1409.65000000"],["4.14000000","674.99000000"]],"a":[]}},{"timeToSleep":1013,"data":{"e":"depthUpdate","E":1672242312725,"s":"TORNBUSD","U":113355137,"u":113355142,"b":[["4.23000000","660.18000000"],["4.22000000","1330.90000000"],["4.14000000","566.53000000"],["4.12000000","4176.43000000"],["4.05000000","1985.76000000"]],"a":[["4.38000000","428.43000000"]]}},{"timeToSleep":993,"data":{"e":"depthUpdate","E":1672242313725,"s":"TORNBUSD","U":113355143,"u":113355144,"b":[["4.04000000","187.88000000"]],"a":[["4.41000000","152.47000000"]]}},{"timeToSleep":1991,"data":{"e":"depthUpdate","E":1672242315725,"s":"TORNBUSD","U":113355145,"u":113355145,"b":[["4.29000000","167.18000000"]],"a":[]}},{"timeToSleep":2002,"data":{"e":"depthUpdate","E":1672242317725,"s":"TORNBUSD","U":113355146,"u":113355147,"b":[["4.31000000","110.13000000"],["4.30000000","229.41000000"]],"a":[]}},{"timeToSleep":1012,"data":{"e":"depthUpdate","E":1672242318725,"s":"TORNBUSD","U":113355148,"u":113355149,"b":[["4.13000000","2640.55000000"],["4.12000000","2311.31000000"]],"a":[]}},{"timeToSleep":986,"data":{"e":"depthUpdate","E":1672242319725,"s":"TORNBUSD","U":113355150,"u":113355150,"b":[["4.13000000","2593.48000000"]],"a":[]}},{"timeToSleep":1010,"data":{"e":"depthUpdate","E":1672242320725,"s":"TORNBUSD","U":113355151,"u":113355153,"b":[["4.24000000","346.06000000"],["4.20000000","8535.77000000"],["4.14000000","613.48000000"]],"a":[]}},{"timeToSleep":991,"data":{"e":"depthUpdate","E":1672242321725,"s":"TORNBUSD","U":113355154,"u":113355156,"b":[["4.25000000","1286.12000000"],["4.16000000","398.65000000"]],"a":[["15.00000000","6653.46000000"]]}},{"timeToSleep":1999,"data":{"e":"depthUpdate","E":1672242323725,"s":"TORNBUSD","U":113355157,"u":113355157,"b":[["4.21000000","1263.36000000"]],"a":[]}},{"timeToSleep":1003,"data":{"e":"depthUpdate","E":1672242324726,"s":"TORNBUSD","U":113355158,"u":113355158,"b":[["4.31000000","86.42000000"]],"a":[]}},{"timeToSleep":2998,"data":{"e":"depthUpdate","E":1672242327725,"s":"TORNBUSD","U":113355159,"u":113355160,"b":[["4.26000000","776.95000000"]],"a":[["4.35000000","738.79000000"]]}},{"timeToSleep":1065,"data":{"e":"depthUpdate","E":1672242328725,"s":"TORNBUSD","U":113355161,"u":113355161,"b":[],"a":[["4.60000000","1939.35000000"]]}},{"timeToSleep":1936,"data":{"e":"depthUpdate","E":1672242330726,"s":"TORNBUSD","U":113355162,"u":113355163,"b":[["4.15000000","412.92000000"]],"a":[["4.80000000","307.29000000"]]}},{"timeToSleep":2004,"data":{"e":"depthUpdate","E":1672242332725,"s":"TORNBUSD","U":113355164,"u":113355166,"b":[["4.31000000","193.77000000"],["4.13000000","732.88000000"],["4.12000000","4176.43000000"]],"a":[]}},{"timeToSleep":996,"data":{"e":"depthUpdate","E":1672242333725,"s":"TORNBUSD","U":113355167,"u":113355170,"b":[["4.25000000","1288.59000000"]],"a":[["4.32000000","96.60000000"],["4.45000000","760.39000000"],["4.46000000","258.69000000"]]}},{"timeToSleep":3016,"data":{"e":"depthUpdate","E":1672242336726,"s":"TORNBUSD","U":113355171,"u":113355171,"b":[["4.09000000","61.96000000"]],"a":[]}},{"timeToSleep":984,"data":{"e":"depthUpdate","E":1672242337726,"s":"TORNBUSD","U":113355172,"u":113355174,"b":[["4.13000000","716.82000000"],["4.00000000","25520.54000000"]],"a":[["4.40000000","520.65000000"]]}},{"timeToSleep":1000,"data":{"e":"depthUpdate","E":1672242338726,"s":"TORNBUSD","U":113355175,"u":113355175,"b":[["4.08000000","113.67000000"]],"a":[]}},{"timeToSleep":1003,"data":{"e":"depthUpdate","E":1672242339726,"s":"TORNBUSD","U":113355176,"u":113355178,"b":[["4.16000000","414.72000000"],["4.14000000","566.53000000"],["4.13000000","763.89000000"]],"a":[]}},{"timeToSleep":2034,"data":{"e":"depthUpdate","E":1672242341726,"s":"TORNBUSD","U":113355179,"u":113355179,"b":[["4.31000000","188.48000000"]],"a":[]}},{"timeToSleep":1964,"data":{"e":"depthUpdate","E":1672242343726,"s":"TORNBUSD","U":113355180,"u":113355180,"b":[["4.12000000","4148.17000000"]],"a":[]}},{"timeToSleep":2000,"data":{"e":"depthUpdate","E":1672242345726,"s":"TORNBUSD","U":113355181,"u":113355183,"b":[["4.27000000","362.38000000"],["4.11000000","281.00000000"],["3.35000000","2110.48000000"]],"a":[]}},{"timeToSleep":1126,"data":{"e":"depthUpdate","E":1672242346726,"s":"TORNBUSD","U":113355184,"u":113355184,"b":[],"a":[["4.50000000","1694.38000000"]]}},{"timeToSleep":875,"data":{"e":"depthUpdate","E":1672242347726,"s":"TORNBUSD","U":113355185,"u":113355189,"b":[["4.31000000","244.04000000"],["4.29000000","567.18000000"],["4.27000000","306.82000000"]],"a":[["4.32000000","51.00000000"],["20.00000000","28897.94000000"]]}},{"timeToSleep":998,"data":{"e":"depthUpdate","E":1672242348726,"s":"TORNBUSD","U":113355190,"u":113355192,"b":[["4.13000000","2624.49000000"],["4.12000000","2283.05000000"]],"a":[["4.38000000","423.28000000"]]}},{"timeToSleep":999,"data":{"e":"depthUpdate","E":1672242349726,"s":"TORNBUSD","U":113355193,"u":113355194,"b":[["4.14000000","675.00000000"],["4.12000000","2174.08000000"]],"a":[]}},{"timeToSleep":1002,"data":{"e":"depthUpdate","E":1672242350726,"s":"TORNBUSD","U":113355195,"u":113355199,"b":[["4.31000000","192.87000000"],["4.30000000","235.22000000"]],"a":[["4.32000000","0.00000000"],["4.33000000","131.14000000"]]}},{"timeToSleep":999,"data":{"e":"depthUpdate","E":1672242351726,"s":"TORNBUSD","U":113355200,"u":113355202,"b":[["4.13000000","763.89000000"],["4.12000000","4039.20000000"]],"a":[["4.33000000","102.80000000"],["4.34000000","311.69000000"]]}},{"timeToSleep":1000,"data":{"e":"depthUpdate","E":1672242352726,"s":"TORNBUSD","U":113355203,"u":113355203,"b":[["4.29000000","612.18000000"]],"a":[]}},{"timeToSleep":2003,"data":{"e":"depthUpdate","E":1672242354726,"s":"TORNBUSD","U":113355204,"u":113355204,"b":[],"a":[["4.38000000","430.23000000"]]}},{"timeToSleep":1998,"data":{"e":"depthUpdate","E":1672242356726,"s":"TORNBUSD","U":113355205,"u":113355205,"b":[["4.28000000","1697.40000000"]],"a":[]}},{"timeToSleep":3000,"data":{"e":"depthUpdate","E":1672242359727,"s":"TORNBUSD","U":113355206,"u":113355213,"b":[["4.31000000","20.61000000"],["4.30000000","239.13000000"],["4.12000000","2174.08000000"],["4.06000000","879.45000000"],["4.05000000","1938.12000000"]],"a":[["4.33000000","87.85000000"],["4.37000000","660.21000000"]]}},{"timeToSleep":1050,"data":{"e":"depthUpdate","E":1672242360727,"s":"TORNBUSD","U":113355214,"u":113355225,"b":[["4.31000000","69.95000000"],["4.30000000","242.51000000"],["4.26000000","299.30000000"],["4.14000000","721.95000000"],["4.13000000","2577.42000000"]],"a":[["4.33000000","67.95000000"],["4.37000000","645.10000000"],["4.38000000","423.28000000"]]}},{"timeToSleep":949,"data":{"e":"depthUpdate","E":1672242361727,"s":"TORNBUSD","U":113355226,"u":113355236,"b":[["4.32000000","22.94000000"],["4.17000000","273.87000000"],["4.15000000","400.90000000"],["4.11000000","293.04000000"],["4.08000000","101.54000000"]],"a":[["4.33000000","117.49000000"],["4.34000000","184.91000000"],["4.40000000","503.85000000"],["4.42000000","344.60000000"]]}},{"timeToSleep":1005,"data":{"e":"depthUpdate","E":1672242362727,"s":"TORNBUSD","U":113355237,"u":113355244,"b":[["4.27000000","336.81000000"],["4.25000000","1312.09000000"],["4.18000000","1204.20000000"],["4.16000000","128.96000000"],["4.13000000","716.82000000"],["4.12000000","4039.20000000"]],"a":[]}},{"timeToSleep":999,"data":{"e":"depthUpdate","E":1672242363727,"s":"TORNBUSD","U":113355245,"u":113355249,"b":[["4.16000000","236.93000000"],["4.14000000","613.48000000"],["4.07000000","246.21000000"]],"a":[["4.33000000","0.00000000"]]}},{"timeToSleep":1998,"data":{"e":"depthUpdate","E":1672242365727,"s":"TORNBUSD","U":113355250,"u":113355254,"b":[["4.32000000","0.00000000"],["4.29000000","617.12000000"]],"a":[["4.32000000","65.58000000"],["4.34000000","207.85000000"]]}},{"timeToSleep":1001,"data":{"e":"depthUpdate","E":1672242366727,"s":"TORNBUSD","U":113355255,"u":113355266,"b":[["4.25000000","1285.07000000"],["4.23000000","683.79000000"],["4.17000000","309.48000000"],["4.16000000","128.96000000"],["4.15000000","364.82000000"],["4.14000000","721.94000000"],["4.13000000","776.74000000"],["4.11000000","232.32000000"],["4.03000000","578.67000000"]],"a":[["4.32000000","61.03000000"],["4.40000000","500.92000000"]]}},{"timeToSleep":1113,"data":{"e":"depthUpdate","E":1672242367727,"s":"TORNBUSD","U":113355267,"u":113355271,"b":[["4.18000000","1180.52000000"],["4.06000000","883.14000000"],["3.98000000","1006.65000000"],["3.96000000","23.34000000"]],"a":[["4.42000000","327.88000000"]]}},{"timeToSleep":921,"data":{"e":"depthUpdate","E":1672242368727,"s":"TORNBUSD","U":113355272,"u":113355273,"b":[["4.27000000","340.31000000"]],"a":[["4.40000000","517.72000000"]]}},{"timeToSleep":966,"data":{"e":"depthUpdate","E":1672242369727,"s":"TORNBUSD","U":113355274,"u":113355275,"b":[],"a":[["4.50000000","1701.33000000"],["20.00000000","28423.91000000"]]}},{"timeToSleep":1006,"data":{"e":"depthUpdate","E":1672242370727,"s":"TORNBUSD","U":113355276,"u":113355280,"b":[["4.31000000","3.56000000"]],"a":[["4.33000000","88.12000000"],["5.03000000","18.59000000"]]}},{"timeToSleep":1100,"data":{"e":"depthUpdate","E":1672242371727,"s":"TORNBUSD","U":113355281,"u":113355282,"b":[["4.15000000","864.82000000"]],"a":[["4.36000000","582.87000000"]]}},{"timeToSleep":1027,"data":{"e":"depthUpdate","E":1672242372727,"s":"TORNBUSD","U":113355283,"u":113355284,"b":[["4.28000000","1694.11000000"]],"a":[["4.59000000","28.60000000"]]}},{"timeToSleep":2968,"data":{"e":"depthUpdate","E":1672242375727,"s":"TORNBUSD","U":113355285,"u":113355285,"b":[["4.31000000","64.57000000"]],"a":[]}},{"timeToSleep":1021,"data":{"e":"depthUpdate","E":1672242376728,"s":"TORNBUSD","U":113355286,"u":113355289,"b":[["4.31000000","141.74000000"]],"a":[["4.34000000","224.74000000"],["4.41000000","136.57000000"]]}},{"timeToSleep":1026,"data":{"e":"depthUpdate","E":1672242377728,"s":"TORNBUSD","U":113355290,"u":113355290,"b":[],"a":[["4.39000000","289.04000000"]]}},{"timeToSleep":1852,"data":{"e":"depthUpdate","E":1672242379728,"s":"TORNBUSD","U":113355291,"u":113355292,"b":[["4.30000000","377.85000000"]],"a":[["21.88000000","0.00000000"]]}},{"timeToSleep":1118,"data":{"e":"depthUpdate","E":1672242380728,"s":"TORNBUSD","U":113355293,"u":113355294,"b":[["4.21000000","1122.27000000"],["4.14000000","674.99000000"]],"a":[]}},{"timeToSleep":922,"data":{"e":"depthUpdate","E":1672242381728,"s":"TORNBUSD","U":113355295,"u":113355297,"b":[["4.31000000","418.13000000"],["4.13000000","823.81000000"],["4.12000000","3954.40000000"]],"a":[]}},{"timeToSleep":1074,"data":{"e":"depthUpdate","E":1672242382728,"s":"TORNBUSD","U":113355298,"u":113355302,"b":[["4.31000000","433.30000000"],["4.21000000","1264.53000000"],["4.15000000","862.31000000"],["4.14000000","759.38000000"]],"a":[["4.65000000","251.09000000"]]}},{"timeToSleep":970,"data":{"e":"depthUpdate","E":1672242383728,"s":"TORNBUSD","U":113355303,"u":113355304,"b":[["4.20000000","8559.53000000"]],"a":[["7.50000000","3374.22000000"]]}},{"timeToSleep":1033,"data":{"e":"depthUpdate","E":1672242384728,"s":"TORNBUSD","U":113355305,"u":113355305,"b":[["4.28000000","1822.70000000"]],"a":[]}},{"timeToSleep":916,"data":{"e":"depthUpdate","E":1672242385728,"s":"TORNBUSD","U":113355306,"u":113355308,"b":[["4.31000000","426.20000000"]],"a":[["4.35000000","501.35000000"],["21.56000000","474.03000000"]]}},{"timeToSleep":2150,"data":{"e":"depthUpdate","E":1672242387728,"s":"TORNBUSD","U":113355309,"u":113355309,"b":[["3.50000000","2006.73000000"]],"a":[]}},{"timeToSleep":925,"data":{"e":"depthUpdate","E":1672242388728,"s":"TORNBUSD","U":113355310,"u":113355312,"b":[["4.30000000","373.81000000"],["4.17000000","273.87000000"],["4.08000000","73.01000000"]],"a":[]}},{"timeToSleep":1021,"data":{"e":"depthUpdate","E":1672242389728,"s":"TORNBUSD","U":113355313,"u":113355314,"b":[["4.27000000","324.95000000"]],"a":[["4.39000000","214.04000000"]]}},{"timeToSleep":871,"data":{"e":"depthUpdate","E":1672242390729,"s":"TORNBUSD","U":113355315,"u":113355317,"b":[["4.16000000","164.95000000"],["4.08000000","101.78000000"],["4.06000000","944.60000000"]],"a":[]}},{"timeToSleep":1083,"data":{"e":"depthUpdate","E":1672242391729,"s":"TORNBUSD","U":113355318,"u":113355319,"b":[["4.17000000","262.00000000"]],"a":[["4.36000000","820.31000000"]]}},{"timeToSleep":1118,"data":{"e":"depthUpdate","E":1672242392729,"s":"TORNBUSD","U":113355320,"u":113355320,"b":[["3.94000000","69.95000000"]],"a":[]}},{"timeToSleep":924,"data":{"e":"depthUpdate","E":1672242393728,"s":"TORNBUSD","U":113355321,"u":113355321,"b":[],"a":[["4.34000000","208.32000000"]]}},{"timeToSleep":919,"data":{"e":"depthUpdate","E":1672242394729,"s":"TORNBUSD","U":113355322,"u":113355322,"b":[],"a":[["4.33000000","182.77000000"]]}},{"timeToSleep":957,"data":{"e":"depthUpdate","E":1672242395729,"s":"TORNBUSD","U":113355323,"u":113355326,"b":[["4.12000000","3982.66000000"],["4.11000000","203.76000000"]],"a":[["4.33000000","211.11000000"],["4.34000000","179.98000000"],["21.44000000","49.17000000"]]}},{"timeToSleep":1091,"data":{"e":"depthUpdate","E":1672242396729,"s":"TORNBUSD","U":113355327,"u":113355329,"b":[],"a":[["4.32000000","0.00000000"],["4.33000000","182.77000000"],["4.34000000","208.32000000"],["4.35000000","505.37000000"]]}},{"timeToSleep":1125,"data":{"e":"depthUpdate","E":1672242397729,"s":"TORNBUSD","U":113355330,"u":113355331,"b":[],"a":[["5.55000000","369.72000000"],["21.50000000","2185.77000000"]]}},{"timeToSleep":1845,"data":{"e":"depthUpdate","E":1672242399729,"s":"TORNBUSD","U":113355332,"u":113355334,"b":[["4.31000000","365.17000000"],["4.28000000","1815.99000000"],["4.13000000","776.74000000"]],"a":[]}},{"timeToSleep":2048,"data":{"e":"depthUpdate","E":1672242401729,"s":"TORNBUSD","U":113355335,"u":113355336,"b":[],"a":[["4.33000000","199.19000000"],["4.48000000","940.03000000"]]}},{"timeToSleep":925,"data":{"e":"depthUpdate","E":1672242402729,"s":"TORNBUSD","U":113355337,"u":113355338,"b":[["3.82000000","2815.91000000"]],"a":[["4.34000000","191.43000000"]]}},{"timeToSleep":1023,"data":{"e":"depthUpdate","E":1672242403729,"s":"TORNBUSD","U":113355339,"u":113355341,"b":[["4.29000000","616.55000000"],["4.16000000","176.94000000"]],"a":[]}},{"timeToSleep":1022,"data":{"e":"depthUpdate","E":1672242404729,"s":"TORNBUSD","U":113355342,"u":113355346,"b":[["4.31000000","374.33000000"]],"a":[["4.33000000","215.42000000"],["4.34000000","270.44000000"]]}},{"timeToSleep":1922,"data":{"e":"depthUpdate","E":1672242406729,"s":"TORNBUSD","U":113355347,"u":113355348,"b":[["4.31000000","421.04000000"]],"a":[]}},{"timeToSleep":1047,"data":{"e":"depthUpdate","E":1672242407729,"s":"TORNBUSD","U":113355349,"u":113355350,"b":[],"a":[["4.33000000","276.43000000"],["4.47000000","464.99000000"]]}},{"timeToSleep":1975,"data":{"e":"depthUpdate","E":1672242409729,"s":"TORNBUSD","U":113355351,"u":113355352,"b":[["4.32000000","345.46000000"],["4.31000000","526.25000000"]],"a":[]}},{"timeToSleep":1096,"data":{"e":"depthUpdate","E":1672242410730,"s":"TORNBUSD","U":113355353,"u":113355356,"b":[["4.32000000","362.71000000"],["4.30000000","359.83000000"]],"a":[["4.34000000","830.93000000"]]}},{"timeToSleep":923,"data":{"e":"depthUpdate","E":1672242411729,"s":"TORNBUSD","U":113355357,"u":113355358,"b":[["4.17000000","190.19000000"]],"a":[["4.35000000","510.52000000"]]}},{"timeToSleep":1026,"data":{"e":"depthUpdate","E":1672242412730,"s":"TORNBUSD","U":113355359,"u":113355365,"b":[["4.32000000","0.00000000"],["4.31000000","272.49000000"],["4.04000000","147.61000000"]],"a":[["4.33000000","261.33000000"],["4.34000000","848.18000000"],["4.35000000","440.23000000"]]}},{"timeToSleep":1022,"data":{"e":"depthUpdate","E":1672242413730,"s":"TORNBUSD","U":113355366,"u":113355373,"b":[["4.31000000","210.61000000"],["4.25000000","1458.28000000"],["4.20000000","8628.81000000"],["4.18000000","1252.16000000"]],"a":[]}},{"timeToSleep":1024,"data":{"e":"depthUpdate","E":1672242414730,"s":"TORNBUSD","U":113355374,"u":113355375,"b":[["4.31000000","196.43000000"],["4.05000000","1978.29000000"]],"a":[]}},{"timeToSleep":2970,"data":{"e":"depthUpdate","E":1672242417730,"s":"TORNBUSD","U":113355376,"u":113355377,"b":[],"a":[["4.33000000","348.51000000"]]}},{"timeToSleep":2049,"data":{"e":"depthUpdate","E":1672242419730,"s":"TORNBUSD","U":113355378,"u":113355379,"b":[["4.20000000","8564.46000000"],["3.90000000","4977.83000000"]],"a":[]}},{"timeToSleep":1945,"data":{"e":"depthUpdate","E":1672242421730,"s":"TORNBUSD","U":113355380,"u":113355384,"b":[["4.32000000","46.05000000"],["4.31000000","200.46000000"],["4.20000000","8629.34000000"],["4.03000000","568.67000000"],["4.02000000","143.40000000"]],"a":[]}},{"timeToSleep":1030,"data":{"e":"depthUpdate","E":1672242422730,"s":"TORNBUSD","U":113355385,"u":113355385,"b":[["4.01000000","269.33000000"]],"a":[]}},{"timeToSleep":1031,"data":{"e":"depthUpdate","E":1672242423730,"s":"TORNBUSD","U":113355386,"u":113355386,"b":[["4.06000000","940.91000000"]],"a":[]}},{"timeToSleep":4900,"data":{"e":"depthUpdate","E":1672242428731,"s":"TORNBUSD","U":113355387,"u":113355388,"b":[["4.32000000","0.00000000"],["4.31000000","118.40000000"]],"a":[]}},{"timeToSleep":1028,"data":{"e":"depthUpdate","E":1672242429730,"s":"TORNBUSD","U":113355389,"u":113355392,"b":[["4.31000000","72.12000000"],["4.30000000","259.78000000"]],"a":[["4.33000000","357.67000000"]]}},{"timeToSleep":1023,"data":{"e":"depthUpdate","E":1672242430730,"s":"TORNBUSD","U":113355393,"u":113355395,"b":[["4.15000000","859.50000000"],["4.13000000","776.74000000"]],"a":[]}},{"timeToSleep":912,"data":{"e":"depthUpdate","E":1672242431730,"s":"TORNBUSD","U":113355396,"u":113355426,"b":[["4.31000000","0.00000000"],["4.30000000","137.37000000"],["4.27000000","321.45000000"],["4.25000000","1288.59000000"],["4.23000000","660.18000000"],["4.22000000","1505.31000000"],["4.21000000","1288.25000000"],["4.20000000","8560.06000000"],["4.18000000","1228.48000000"],["4.17000000","259.95000000"],["4.16000000","200.73000000"],["4.14000000","650.92000000"],["4.12000000","4091.62000000"]],"a":[["4.32000000","229.18000000"],["4.33000000","407.28000000"],["4.34000000","690.78000000"]]}},{"timeToSleep":1142,"data":{"e":"depthUpdate","E":1672242432731,"s":"TORNBUSD","U":113355427,"u":113355432,"b":[["4.30000000","196.99000000"],["4.12000000","2226.50000000"],["4.05000000","3875.64000000"]],"a":[["4.32000000","183.23000000"]]}},{"timeToSleep":932,"data":{"e":"depthUpdate","E":1672242433731,"s":"TORNBUSD","U":113355433,"u":113355437,"b":[["4.23000000","683.79000000"],["4.21000000","1264.53000000"],["4.14000000","759.39000000"],["4.12000000","2117.54000000"]],"a":[["4.33000000","410.63000000"]]}},{"timeToSleep":1008,"data":{"e":"depthUpdate","E":1672242434731,"s":"TORNBUSD","U":113355438,"u":113355439,"b":[["3.98000000","678.06000000"]],"a":[["4.42000000","338.89000000"]]}},{"timeToSleep":917,"data":{"e":"depthUpdate","E":1672242435731,"s":"TORNBUSD","U":113355440,"u":113355442,"b":[["4.12000000","3982.66000000"],["4.05000000","1978.29000000"]],"a":[["4.35000000","443.16000000"]]}},{"timeToSleep":1127,"data":{"e":"depthUpdate","E":1672242436731,"s":"TORNBUSD","U":113355443,"u":113355444,"b":[["4.25000000","1336.67000000"],["3.96000000","356.34000000"]],"a":[]}},{"timeToSleep":928,"data":{"e":"depthUpdate","E":1672242437731,"s":"TORNBUSD","U":113355445,"u":113355446,"b":[],"a":[["4.32000000","160.95000000"],["4.36000000","582.87000000"]]}},{"timeToSleep":946,"data":{"e":"depthUpdate","E":1672242438731,"s":"TORNBUSD","U":113355447,"u":113355447,"b":[["4.30000000","297.04000000"]],"a":[]}},{"timeToSleep":1106,"data":{"e":"depthUpdate","E":1672242439731,"s":"TORNBUSD","U":113355448,"u":113355448,"b":[],"a":[["4.33000000","393.74000000"]]}},{"timeToSleep":1019,"data":{"e":"depthUpdate","E":1672242440731,"s":"TORNBUSD","U":113355449,"u":113355449,"b":[],"a":[["4.42000000","196.78000000"]]}},{"timeToSleep":919,"data":{"e":"depthUpdate","E":1672242441731,"s":"TORNBUSD","U":113355450,"u":113355452,"b":[["4.30000000","359.07000000"],["4.21000000","1249.10000000"]],"a":[["17.00000000","6531.99000000"]]}},{"timeToSleep":2049,"data":{"e":"depthUpdate","E":1672242443731,"s":"TORNBUSD","U":113355453,"u":113355453,"b":[],"a":[["4.32000000","177.84000000"]]}},{"timeToSleep":1020,"data":{"e":"depthUpdate","E":1672242444731,"s":"TORNBUSD","U":113355454,"u":113355457,"b":[["3.52000000","351.23000000"],["3.51000000","36.85000000"]],"a":[["4.35000000","680.60000000"],["4.40000000","520.06000000"]]}},{"timeToSleep":925,"data":{"e":"depthUpdate","E":1672242445732,"s":"TORNBUSD","U":113355458,"u":113355458,"b":[["3.53000000","1124.30000000"]],"a":[]}},{"timeToSleep":1025,"data":{"e":"depthUpdate","E":1672242446731,"s":"TORNBUSD","U":113355459,"u":113355460,"b":[["3.54000000","40.89000000"]],"a":[["4.33000000","377.32000000"]]}},{"timeToSleep":1126,"data":{"e":"depthUpdate","E":1672242447731,"s":"TORNBUSD","U":113355461,"u":113355466,"b":[["4.30000000","368.65000000"]],"a":[["4.32000000","223.29000000"],["4.33000000","327.61000000"]]}},{"timeToSleep":1823,"data":{"e":"depthUpdate","E":1672242449731,"s":"TORNBUSD","U":113355467,"u":113355468,"b":[["3.97000000","3176.84000000"]],"a":[["4.39000000","198.07000000"]]}},{"timeToSleep":1042,"data":{"e":"depthUpdate","E":1672242450733,"s":"TORNBUSD","U":113355469,"u":113355471,"b":[["4.26000000","314.70000000"]],"a":[["4.38000000","439.29000000"],["5.00000000","5596.36000000"]]}},{"timeToSleep":1028,"data":{"e":"depthUpdate","E":1672242451732,"s":"TORNBUSD","U":113355472,"u":113355475,"b":[["4.25000000","1320.16000000"],["3.98000000","629.18000000"],["3.97000000","3225.84000000"]],"a":[["4.37000000","641.54000000"]]}},{"timeToSleep":1051,"data":{"e":"depthUpdate","E":1672242452732,"s":"TORNBUSD","U":113355476,"u":113355480,"b":[["4.30000000","336.75000000"],["4.24000000","362.61000000"]],"a":[["4.32000000","239.71000000"]]}},{"timeToSleep":868,"data":{"e":"depthUpdate","E":1672242453732,"s":"TORNBUSD","U":113355481,"u":113355488,"b":[["4.23000000","660.18000000"],["4.21000000","1272.82000000"],["4.14000000","650.92000000"],["4.12000000","2226.51000000"],["4.05000000","3875.64000000"],["3.99000000","871.30000000"]],"a":[["5.94000000","98.45000000"]]}}